[
    {
        "id": 617505,
        "imdb_id": "tt10682266",
        "original_language": "en",
        "original_title": "Hubie Halloween",
        "popularity": 22.784,
        "release_date": "2020-10-07",
        "vote_average": 5.923,
        "vote_count": 1638,
        "budget": 14000000,
        "revenue": 0,
        "director": "Steven Brill"
    },
    {
        "id": 354251,
        "imdb_id": "tt4935334",
        "original_language": "en",
        "original_title": "Southbound",
        "popularity": 16.64,
        "release_date": "2015-09-17",
        "vote_average": 5.9,
        "vote_count": 612,
        "budget": 0,
        "revenue": 35000,
        "director": "Patrick Horvath"
    },
    {
        "id": 395,
        "imdb_id": "tt0370263",
        "original_language": "en",
        "original_title": "AVP: Alien vs. Predator",
        "popularity": 31.82,
        "release_date": "2004-08-12",
        "vote_average": 5.9,
        "vote_count": 4470,
        "budget": 70000000,
        "revenue": 177427090,
        "director": "Paul W. S. Anderson"
    },
    {
        "id": 13006,
        "imdb_id": "tt0105459",
        "original_language": "en",
        "original_title": "Split Second",
        "popularity": 14.885,
        "release_date": "1992-05-01",
        "vote_average": 5.9,
        "vote_count": 317,
        "budget": 7000000,
        "revenue": 5430822,
        "director": "Tony Maylam"
    },
    {
        "id": 258193,
        "imdb_id": "tt2510434",
        "original_language": "en",
        "original_title": "Alien Abduction",
        "popularity": 16.324,
        "release_date": "2014-04-04",
        "vote_average": 5.9,
        "vote_count": 378,
        "budget": 0,
        "revenue": 0,
        "director": "Matty Beckerman"
    },
    {
        "id": 10280,
        "imdb_id": "tt0117894",
        "original_language": "en",
        "original_title": "Thinner",
        "popularity": 16.587,
        "release_date": "1996-10-25",
        "vote_average": 5.9,
        "vote_count": 607,
        "budget": 8000000,
        "revenue": 15315484,
        "director": "Tom Holland"
    },
    {
        "id": 290555,
        "imdb_id": "tt1403241",
        "original_language": "en",
        "original_title": "Wolves",
        "popularity": 14.718,
        "release_date": "2014-08-28",
        "vote_average": 5.9,
        "vote_count": 301,
        "budget": 18000000,
        "revenue": 0,
        "director": "David Hayter"
    },
    {
        "id": 9825,
        "imdb_id": "tt0139414",
        "original_language": "en",
        "original_title": "Lake Placid",
        "popularity": 23.87,
        "release_date": "1999-07-15",
        "vote_average": 5.9,
        "vote_count": 1125,
        "budget": 27000000,
        "revenue": 56870414,
        "director": "Steve Miner"
    },
    {
        "id": 555974,
        "imdb_id": "tt9173418",
        "original_language": "en",
        "original_title": "Brahms: The Boy II",
        "popularity": 11.841,
        "release_date": "2020-02-20",
        "vote_average": 5.908,
        "vote_count": 1236,
        "budget": 10000000,
        "revenue": 20311536,
        "director": "William Brent Bell"
    },
    {
        "id": 9431,
        "imdb_id": "tt0117826",
        "original_language": "en",
        "original_title": "Bordello of Blood",
        "popularity": 15.615,
        "release_date": "1996-08-16",
        "vote_average": 5.9,
        "vote_count": 379,
        "budget": 15000000,
        "revenue": 5600000,
        "director": "Gilbert Adler"
    },
    {
        "id": 807172,
        "imdb_id": "tt12921446",
        "original_language": "en",
        "original_title": "The Exorcist: Believer",
        "popularity": 46.533,
        "release_date": "2023-10-04",
        "vote_average": 5.9,
        "vote_count": 1060,
        "budget": 30000000,
        "revenue": 136284218,
        "director": "David Gordon Green"
    },
    {
        "id": 1970,
        "imdb_id": "tt0391198",
        "original_language": "en",
        "original_title": "The Grudge",
        "popularity": 31.188,
        "release_date": "2004-10-22",
        "vote_average": 5.9,
        "vote_count": 2951,
        "budget": 10000000,
        "revenue": 183474602,
        "director": "Takashi Shimizu"
    },
    {
        "id": 643550,
        "imdb_id": "tt11044858",
        "original_language": "en",
        "original_title": "Nocturne",
        "popularity": 12.727,
        "release_date": "2020-10-13",
        "vote_average": 5.9,
        "vote_count": 455,
        "budget": 0,
        "revenue": 0,
        "director": "Zu Quirke"
    },
    {
        "id": 448194,
        "imdb_id": "tt5119116",
        "original_language": "en",
        "original_title": "Pyewacket",
        "popularity": 17.359,
        "release_date": "2017-12-08",
        "vote_average": 5.901,
        "vote_count": 314,
        "budget": 0,
        "revenue": 0,
        "director": "Adam MacDonald"
    },
    {
        "id": 7091,
        "imdb_id": "tt0098577",
        "original_language": "en",
        "original_title": "Vampire's Kiss",
        "popularity": 14.372,
        "release_date": "1988-09-17",
        "vote_average": 5.9,
        "vote_count": 410,
        "budget": 2000000,
        "revenue": 725131,
        "director": "Robert Bierman"
    },
    {
        "id": 34480,
        "imdb_id": "tt1073105",
        "original_language": "en",
        "original_title": "The Descent: Part 2",
        "popularity": 23.905,
        "release_date": "2009-10-14",
        "vote_average": 5.898,
        "vote_count": 1158,
        "budget": 6000200,
        "revenue": 7048886,
        "director": "Jon Harris"
    },
    {
        "id": 811656,
        "imdb_id": "tt4624366",
        "original_language": "en",
        "original_title": "Monstrous",
        "popularity": 16.544,
        "release_date": "2022-05-13",
        "vote_average": 5.9,
        "vote_count": 300,
        "budget": 0,
        "revenue": 138450,
        "director": "Chris Sivertson"
    },
    {
        "id": 439079,
        "imdb_id": "tt5814060",
        "original_language": "en",
        "original_title": "The Nun",
        "popularity": 59.447,
        "release_date": "2018-09-05",
        "vote_average": 5.893,
        "vote_count": 6694,
        "budget": 22000000,
        "revenue": 366082797,
        "director": "Corin Hardy"
    },
    {
        "id": 416234,
        "imdb_id": "tt1072748",
        "original_language": "en",
        "original_title": "Winchester",
        "popularity": 22.559,
        "release_date": "2018-02-02",
        "vote_average": 5.9,
        "vote_count": 1740,
        "budget": 3500000,
        "revenue": 44019588,
        "director": "Michael Spierig"
    },
    {
        "id": 167032,
        "imdb_id": "tt2230358",
        "original_language": "en",
        "original_title": "Curse of Chucky",
        "popularity": 26.509,
        "release_date": "2013-10-08",
        "vote_average": 5.9,
        "vote_count": 1563,
        "budget": 5000000,
        "revenue": 3876587,
        "director": "Don Mancini"
    },
    {
        "id": 283445,
        "imdb_id": "tt2752772",
        "original_language": "en",
        "original_title": "Sinister 2",
        "popularity": 34.335,
        "release_date": "2015-08-19",
        "vote_average": 5.888,
        "vote_count": 2130,
        "budget": 10000000,
        "revenue": 53329150,
        "director": "Ciar\u00e1n Foy"
    },
    {
        "id": 27414,
        "imdb_id": "tt0088117",
        "original_language": "en",
        "original_title": "Silent Night, Deadly Night",
        "popularity": 12.629,
        "release_date": "1984-11-09",
        "vote_average": 5.9,
        "vote_count": 378,
        "budget": 1065000,
        "revenue": 2491460,
        "director": "Charles E. Sellier Jr."
    },
    {
        "id": 72571,
        "imdb_id": "tt1778304",
        "original_language": "en",
        "original_title": "Paranormal Activity 3",
        "popularity": 35.27,
        "release_date": "2011-10-19",
        "vote_average": 5.883,
        "vote_count": 2188,
        "budget": 5000000,
        "revenue": 207039844,
        "director": "Ariel Schulman"
    },
    {
        "id": 333674,
        "imdb_id": "tt4009278",
        "original_language": "en",
        "original_title": "Intruders",
        "popularity": 12.258,
        "release_date": "2015-06-12",
        "vote_average": 5.882,
        "vote_count": 473,
        "budget": 0,
        "revenue": 0,
        "director": "Adam Schindler"
    },
    {
        "id": 241843,
        "imdb_id": "tt2490326",
        "original_language": "en",
        "original_title": "Cooties",
        "popularity": 22.495,
        "release_date": "2014-10-10",
        "vote_average": 5.882,
        "vote_count": 741,
        "budget": 0,
        "revenue": 581011,
        "director": "Cary Murnion"
    },
    {
        "id": 22894,
        "imdb_id": "tt1038686",
        "original_language": "en",
        "original_title": "Legion",
        "popularity": 37.835,
        "release_date": "2010-01-21",
        "vote_average": 5.881,
        "vote_count": 2627,
        "budget": 26000000,
        "revenue": 67900000,
        "director": "Scott Stewart"
    },
    {
        "id": 11187,
        "imdb_id": "tt0103956",
        "original_language": "en",
        "original_title": "Child's Play 3",
        "popularity": 24.82,
        "release_date": "1991-08-30",
        "vote_average": 5.9,
        "vote_count": 1590,
        "budget": 13000000,
        "revenue": 20560255,
        "director": "Jack Bender"
    },
    {
        "id": 37707,
        "imdb_id": "tt1017460",
        "original_language": "en",
        "original_title": "Splice",
        "popularity": 26.103,
        "release_date": "2010-06-03",
        "vote_average": 5.9,
        "vote_count": 2254,
        "budget": 26000000,
        "revenue": 0,
        "director": "Vincenzo Natali"
    },
    {
        "id": 8398,
        "imdb_id": "tt0455960",
        "original_language": "en",
        "original_title": "The Hitcher",
        "popularity": 17.558,
        "release_date": "2007-01-19",
        "vote_average": 5.876,
        "vote_count": 925,
        "budget": 10000000,
        "revenue": 25400000,
        "director": "Dave Meyers"
    },
    {
        "id": 7978,
        "imdb_id": "tt0780653",
        "original_language": "en",
        "original_title": "The Wolfman",
        "popularity": 56.446,
        "release_date": "2010-02-10",
        "vote_average": 5.87,
        "vote_count": 1990,
        "budget": 150000000,
        "revenue": 140700000,
        "director": "Joe Johnston"
    },
    {
        "id": 1450,
        "imdb_id": "tt0806027",
        "original_language": "en",
        "original_title": "Blood: The Last Vampire",
        "popularity": 14.464,
        "release_date": "2009-04-02",
        "vote_average": 5.9,
        "vote_count": 379,
        "budget": 30000000,
        "revenue": 5874530,
        "director": "Chris Nahon"
    },
    {
        "id": 18476,
        "imdb_id": "tt0892767",
        "original_language": "en",
        "original_title": "Horsemen",
        "popularity": 16.321,
        "release_date": "2009-02-06",
        "vote_average": 5.868,
        "vote_count": 548,
        "budget": 20000000,
        "revenue": 1017401,
        "director": "Jonas \u00c5kerlund"
    },
    {
        "id": 9728,
        "imdb_id": "tt0083972",
        "original_language": "en",
        "original_title": "Friday the 13th Part III",
        "popularity": 29.556,
        "release_date": "1982-08-13",
        "vote_average": 5.867,
        "vote_count": 1412,
        "budget": 2200000,
        "revenue": 36690067,
        "director": "Steve Miner"
    },
    {
        "id": 36648,
        "imdb_id": "tt0359013",
        "original_language": "en",
        "original_title": "Blade: Trinity",
        "popularity": 51.511,
        "release_date": "2004-12-08",
        "vote_average": 5.862,
        "vote_count": 3912,
        "budget": 65000000,
        "revenue": 128905366,
        "director": "David S. Goyer"
    },
    {
        "id": 9030,
        "imdb_id": "tt0406759",
        "original_language": "en",
        "original_title": "The Eye",
        "popularity": 26.959,
        "release_date": "2008-02-01",
        "vote_average": 5.862,
        "vote_count": 1050,
        "budget": 12000000,
        "revenue": 58010320,
        "director": "David Moreau"
    },
    {
        "id": 429460,
        "imdb_id": "tt5041296",
        "original_language": "en",
        "original_title": "Muse",
        "popularity": 13.141,
        "release_date": "2017-11-09",
        "vote_average": 5.9,
        "vote_count": 353,
        "budget": 0,
        "revenue": 0,
        "director": "Jaume Balaguer\u00f3"
    },
    {
        "id": 19286,
        "imdb_id": "tt0113636",
        "original_language": "en",
        "original_title": "Leprechaun 3",
        "popularity": 28.323,
        "release_date": "1995-06-27",
        "vote_average": 5.861,
        "vote_count": 318,
        "budget": 1200000,
        "revenue": 0,
        "director": "Brian Trenchard-Smith"
    },
    {
        "id": 740925,
        "imdb_id": "tt13056008",
        "original_language": "en",
        "original_title": "No One Gets Out Alive",
        "popularity": 17.043,
        "release_date": "2021-09-29",
        "vote_average": 5.9,
        "vote_count": 641,
        "budget": 0,
        "revenue": 0,
        "director": "Santiago Menghini"
    },
    {
        "id": 20606,
        "imdb_id": "tt1023500",
        "original_language": "en",
        "original_title": "Doghouse",
        "popularity": 11.918,
        "release_date": "2009-06-11",
        "vote_average": 5.855,
        "vote_count": 362,
        "budget": 0,
        "revenue": 0,
        "director": "Jake West"
    },
    {
        "id": 14138,
        "imdb_id": "tt0816436",
        "original_language": "en",
        "original_title": "Black Water",
        "popularity": 14.188,
        "release_date": "2007-06-01",
        "vote_average": 5.854,
        "vote_count": 339,
        "budget": 700000,
        "revenue": 1271556,
        "director": "Andrew Traucki"
    },
    {
        "id": 10131,
        "imdb_id": "tt0095742",
        "original_language": "en",
        "original_title": "A Nightmare on Elm Street 4: The Dream Master",
        "popularity": 33.218,
        "release_date": "1988-08-19",
        "vote_average": 5.853,
        "vote_count": 1439,
        "budget": 6500000,
        "revenue": 49369899,
        "director": "Renny Harlin"
    },
    {
        "id": 334536,
        "imdb_id": "tt3286052",
        "original_language": "en",
        "original_title": "The Blackcoat's Daughter",
        "popularity": 11.921,
        "release_date": "2017-03-31",
        "vote_average": 5.852,
        "vote_count": 671,
        "budget": 0,
        "revenue": 19980,
        "director": "Osgood Perkins"
    },
    {
        "id": 150202,
        "imdb_id": "tt1457765",
        "original_language": "en",
        "original_title": "The Haunting in Connecticut 2: Ghosts of Georgia",
        "popularity": 11.371,
        "release_date": "2013-02-01",
        "vote_average": 5.9,
        "vote_count": 513,
        "budget": 8000000,
        "revenue": 5127434,
        "director": "Tom Elkins"
    },
    {
        "id": 431185,
        "imdb_id": "tt4052050",
        "original_language": "en",
        "original_title": "He's Out There",
        "popularity": 9.737,
        "release_date": "2018-10-25",
        "vote_average": 5.85,
        "vote_count": 303,
        "budget": 0,
        "revenue": 0,
        "director": "Dennis Iliadis"
    },
    {
        "id": 957452,
        "imdb_id": "tt1340094",
        "original_language": "en",
        "original_title": "The Crow",
        "popularity": 201.996,
        "release_date": "2024-08-21",
        "vote_average": 5.846,
        "vote_count": 886,
        "budget": 50000000,
        "revenue": 24109036,
        "director": "Rupert Sanders"
    },
    {
        "id": 418078,
        "imdb_id": "tt4695012",
        "original_language": "en",
        "original_title": "It Comes at Night",
        "popularity": 12.732,
        "release_date": "2017-06-09",
        "vote_average": 5.8,
        "vote_count": 2376,
        "budget": 5000000,
        "revenue": 19280931,
        "director": "Trey Edward Shults"
    },
    {
        "id": 521935,
        "imdb_id": "tt8361028",
        "original_language": "en",
        "original_title": "Cam",
        "popularity": 13.504,
        "release_date": "2018-10-01",
        "vote_average": 5.843,
        "vote_count": 1470,
        "budget": 0,
        "revenue": 0,
        "director": "Daniel Goldhaber"
    },
    {
        "id": 27726,
        "imdb_id": "tt0084556",
        "original_language": "en",
        "original_title": "Q",
        "popularity": 15.929,
        "release_date": "1982-09-08",
        "vote_average": 5.842,
        "vote_count": 442,
        "budget": 0,
        "revenue": 0,
        "director": "Larry Cohen"
    },
    {
        "id": 412546,
        "imdb_id": "tt9213244",
        "original_language": "en",
        "original_title": "Antrum",
        "popularity": 19.201,
        "release_date": "2018-10-14",
        "vote_average": 5.8,
        "vote_count": 315,
        "budget": 0,
        "revenue": 0,
        "director": "Michael Laicini"
    },
    {
        "id": 353979,
        "imdb_id": "tt1183374",
        "original_language": "en",
        "original_title": "Pet",
        "popularity": 12.514,
        "release_date": "2016-09-24",
        "vote_average": 5.8,
        "vote_count": 660,
        "budget": 0,
        "revenue": 22003,
        "director": "Carles Torrens"
    },
    {
        "id": 9980,
        "imdb_id": "tt0091499",
        "original_language": "en",
        "original_title": "Maximum Overdrive",
        "popularity": 21.435,
        "release_date": "1986-07-25",
        "vote_average": 5.84,
        "vote_count": 753,
        "budget": 10000000,
        "revenue": 7400000,
        "director": "Stephen King"
    },
    {
        "id": 71679,
        "imdb_id": "tt1855325",
        "original_language": "en",
        "original_title": "Resident Evil: Retribution",
        "popularity": 3.12,
        "release_date": "2012-09-12",
        "vote_average": 5.8,
        "vote_count": 4002,
        "budget": 65000000,
        "revenue": 240200000,
        "director": "Paul W. S. Anderson"
    },
    {
        "id": 28941,
        "imdb_id": "tt0090837",
        "original_language": "en",
        "original_title": "Chopping Mall",
        "popularity": 11.831,
        "release_date": "1986-03-21",
        "vote_average": 5.832,
        "vote_count": 365,
        "budget": 800000,
        "revenue": 0,
        "director": "Jim Wynorski"
    },
    {
        "id": 675327,
        "imdb_id": "tt9691136",
        "original_language": "en",
        "original_title": "Shadow in the Cloud",
        "popularity": 15.649,
        "release_date": "2020-12-31",
        "vote_average": 5.83,
        "vote_count": 980,
        "budget": 0,
        "revenue": 1054290,
        "director": "Roseanne Liang"
    },
    {
        "id": 14211,
        "imdb_id": "tt0468536",
        "original_language": "en",
        "original_title": "Prey",
        "popularity": 24.761,
        "release_date": "2007-05-18",
        "vote_average": 5.8,
        "vote_count": 377,
        "budget": 0,
        "revenue": 3643652,
        "director": "Darrell James Roodt"
    },
    {
        "id": 1961,
        "imdb_id": "tt0489235",
        "original_language": "en",
        "original_title": "My Name Is Bruce",
        "popularity": 9.017,
        "release_date": "2007-10-01",
        "vote_average": 5.8,
        "vote_count": 335,
        "budget": 1500000,
        "revenue": 173066,
        "director": "Bruce Campbell"
    },
    {
        "id": 1691,
        "imdb_id": "tt0498353",
        "original_language": "en",
        "original_title": "Hostel: Part II",
        "popularity": 25.287,
        "release_date": "2007-06-07",
        "vote_average": 5.8,
        "vote_count": 2028,
        "budget": 10200000,
        "revenue": 35728183,
        "director": "Eli Roth"
    },
    {
        "id": 13555,
        "imdb_id": "tt0082427",
        "original_language": "en",
        "original_title": "The Funhouse",
        "popularity": 13.864,
        "release_date": "1981-03-13",
        "vote_average": 5.8,
        "vote_count": 393,
        "budget": 0,
        "revenue": 7886857,
        "director": "Tobe Hooper"
    },
    {
        "id": 19904,
        "imdb_id": "tt0814335",
        "original_language": "en",
        "original_title": "The Stepfather",
        "popularity": 32.105,
        "release_date": "2009-10-16",
        "vote_average": 5.824,
        "vote_count": 888,
        "budget": 20000000,
        "revenue": 31198531,
        "director": "Nelson McCormick"
    },
    {
        "id": 14223,
        "imdb_id": "tt0486051",
        "original_language": "en",
        "original_title": "Wind Chill",
        "popularity": 14.749,
        "release_date": "2007-04-27",
        "vote_average": 5.8,
        "vote_count": 474,
        "budget": 6000000,
        "revenue": 285000,
        "director": "Gregory Jacobs"
    },
    {
        "id": 10768,
        "imdb_id": "tt0082377",
        "original_language": "en",
        "original_title": "The Final Conflict",
        "popularity": 21.558,
        "release_date": "1981-03-20",
        "vote_average": 5.8,
        "vote_count": 573,
        "budget": 5000000,
        "revenue": 20471382,
        "director": "Graham Baker"
    },
    {
        "id": 492621,
        "imdb_id": "tt5629964",
        "original_language": "en",
        "original_title": "The Midnight Man",
        "popularity": 17.306,
        "release_date": "2016-09-30",
        "vote_average": 5.8,
        "vote_count": 415,
        "budget": 0,
        "revenue": 0,
        "director": "Travis Zariwny"
    },
    {
        "id": 461992,
        "imdb_id": "tt5085522",
        "original_language": "en",
        "original_title": "Hostile",
        "popularity": 19.631,
        "release_date": "2018-03-08",
        "vote_average": 5.822,
        "vote_count": 368,
        "budget": 0,
        "revenue": 0,
        "director": "Mathieu Turi"
    },
    {
        "id": 26953,
        "imdb_id": "tt0098143",
        "original_language": "en",
        "original_title": "Puppet Master",
        "popularity": 15.607,
        "release_date": "1989-10-12",
        "vote_average": 5.8,
        "vote_count": 348,
        "budget": 0,
        "revenue": 0,
        "director": "David Schmoeller"
    },
    {
        "id": 663866,
        "imdb_id": "tt10329614",
        "original_language": "en",
        "original_title": "Censor",
        "popularity": 15.067,
        "release_date": "2021-06-11",
        "vote_average": 5.818,
        "vote_count": 384,
        "budget": 0,
        "revenue": 314785,
        "director": "Prano Bailey-Bond"
    },
    {
        "id": 502416,
        "imdb_id": "tt7958736",
        "original_language": "en",
        "original_title": "Ma",
        "popularity": 69.616,
        "release_date": "2019-05-29",
        "vote_average": 5.8,
        "vote_count": 2221,
        "budget": 5000000,
        "revenue": 51749995,
        "director": "Tate Taylor"
    },
    {
        "id": 393345,
        "imdb_id": "tt3280262",
        "original_language": "en",
        "original_title": "Cult of Chucky",
        "popularity": 30.497,
        "release_date": "2017-10-12",
        "vote_average": 5.8,
        "vote_count": 1294,
        "budget": 6500000,
        "revenue": 2332018,
        "director": "Don Mancini"
    },
    {
        "id": 35626,
        "imdb_id": "tt0382943",
        "original_language": "en",
        "original_title": "Return to Sleepaway Camp",
        "popularity": 7.712,
        "release_date": "2008-11-04",
        "vote_average": 5.8,
        "vote_count": 318,
        "budget": 4000000,
        "revenue": 0,
        "director": "Robert Hiltzik"
    },
    {
        "id": 74777,
        "imdb_id": "tt1610996",
        "original_language": "en",
        "original_title": "Absentia",
        "popularity": 12.412,
        "release_date": "2011-03-03",
        "vote_average": 5.8,
        "vote_count": 337,
        "budget": 70000,
        "revenue": 0,
        "director": "Mike Flanagan"
    },
    {
        "id": 38321,
        "imdb_id": "tt0822847",
        "original_language": "en",
        "original_title": "Priest",
        "popularity": 30.014,
        "release_date": "2011-05-05",
        "vote_average": 5.811,
        "vote_count": 2271,
        "budget": 60000000,
        "revenue": 78309131,
        "director": "Scott Stewart"
    },
    {
        "id": 489064,
        "imdb_id": "tt8134742",
        "original_language": "en",
        "original_title": "3 from Hell",
        "popularity": 17.54,
        "release_date": "2019-09-16",
        "vote_average": 5.806,
        "vote_count": 482,
        "budget": 3000000,
        "revenue": 2295825,
        "director": "Rob Zombie"
    },
    {
        "id": 10069,
        "imdb_id": "tt0441796",
        "original_language": "en",
        "original_title": "Stay Alive",
        "popularity": 14.213,
        "release_date": "2006-03-24",
        "vote_average": 5.8,
        "vote_count": 754,
        "budget": 9000000,
        "revenue": 27105095,
        "director": "William Brent Bell"
    },
    {
        "id": 8869,
        "imdb_id": "tt0271367",
        "original_language": "en",
        "original_title": "Eight Legged Freaks",
        "popularity": 20.062,
        "release_date": "2002-07-17",
        "vote_average": 5.803,
        "vote_count": 1238,
        "budget": 30000000,
        "revenue": 45900000,
        "director": "Ellory Elkayem"
    },
    {
        "id": 377264,
        "imdb_id": "tt4520364",
        "original_language": "en",
        "original_title": "Morgan",
        "popularity": 31.199,
        "release_date": "2016-09-01",
        "vote_average": 5.8,
        "vote_count": 1483,
        "budget": 8000000,
        "revenue": 8810591,
        "director": "Luke Scott"
    },
    {
        "id": 621707,
        "imdb_id": "tt10793644",
        "original_language": "en",
        "original_title": "The Vigil",
        "popularity": 11.418,
        "release_date": "2020-07-01",
        "vote_average": 5.8,
        "vote_count": 392,
        "budget": 0,
        "revenue": 1868659,
        "director": "Keith Thomas"
    },
    {
        "id": 299551,
        "imdb_id": "tt3280916",
        "original_language": "en",
        "original_title": "The Atticus Institute",
        "popularity": 14.852,
        "release_date": "2015-01-05",
        "vote_average": 5.8,
        "vote_count": 322,
        "budget": 1000000,
        "revenue": 0,
        "director": "Chris Sparling"
    },
    {
        "id": 82505,
        "imdb_id": "tt1582507",
        "original_language": "en",
        "original_title": "House at the End of the Street",
        "popularity": 17.453,
        "release_date": "2012-09-21",
        "vote_average": 5.8,
        "vote_count": 1795,
        "budget": 6900000,
        "revenue": 44287131,
        "director": "Mark Tonderai"
    },
    {
        "id": 9095,
        "imdb_id": "tt0117002",
        "original_language": "en",
        "original_title": "Mary Reilly",
        "popularity": 16.475,
        "release_date": "1996-02-23",
        "vote_average": 5.8,
        "vote_count": 317,
        "budget": 47000000,
        "revenue": 12379402,
        "director": "Stephen Frears"
    },
    {
        "id": 403119,
        "imdb_id": "tt2932536",
        "original_language": "en",
        "original_title": "47 Meters Down",
        "popularity": 23.061,
        "release_date": "2017-05-25",
        "vote_average": 5.796,
        "vote_count": 2726,
        "budget": 5500000,
        "revenue": 62198461,
        "director": "Johannes Roberts"
    },
    {
        "id": 539537,
        "imdb_id": "tt0983946",
        "original_language": "en",
        "original_title": "Fantasy Island",
        "popularity": 34.627,
        "release_date": "2020-02-12",
        "vote_average": 5.8,
        "vote_count": 2460,
        "budget": 7000000,
        "revenue": 49500000,
        "director": "Jeff Wadlow"
    },
    {
        "id": 19064,
        "imdb_id": "tt0089730",
        "original_language": "en",
        "original_title": "Once Bitten",
        "popularity": 27.815,
        "release_date": "1985-11-15",
        "vote_average": 5.8,
        "vote_count": 311,
        "budget": 3200000,
        "revenue": 10000000,
        "director": "Howard Storm"
    },
    {
        "id": 56906,
        "imdb_id": "tt1504403",
        "original_language": "en",
        "original_title": "Husk",
        "popularity": 19.095,
        "release_date": "2011-01-28",
        "vote_average": 5.785,
        "vote_count": 337,
        "budget": 0,
        "revenue": 0,
        "director": "Brett Simmons"
    },
    {
        "id": 10092,
        "imdb_id": "tt0384286",
        "original_language": "en",
        "original_title": "Cry_Wolf",
        "popularity": 13.424,
        "release_date": "2005-09-16",
        "vote_average": 5.8,
        "vote_count": 543,
        "budget": 1000000,
        "revenue": 10047674,
        "director": "Jeff Wadlow"
    },
    {
        "id": 1010600,
        "imdb_id": "tt22050754",
        "original_language": "en",
        "original_title": "The Strangers: Chapter 1",
        "popularity": 50.986,
        "release_date": "2024-05-15",
        "vote_average": 5.789,
        "vote_count": 443,
        "budget": 8500000,
        "revenue": 48166448,
        "director": "Renny Harlin"
    },
    {
        "id": 119698,
        "imdb_id": "tt1907779",
        "original_language": "en",
        "original_title": "The Dinosaur Project",
        "popularity": 16.998,
        "release_date": "2012-08-09",
        "vote_average": 5.8,
        "vote_count": 303,
        "budget": 0,
        "revenue": 2412576,
        "director": "Sid Bennett"
    },
    {
        "id": 24001,
        "imdb_id": "tt0907676",
        "original_language": "en",
        "original_title": "The Hills Run Red",
        "popularity": 15.365,
        "release_date": "2009-09-29",
        "vote_average": 5.8,
        "vote_count": 306,
        "budget": 0,
        "revenue": 0,
        "director": "Dave Parker"
    },
    {
        "id": 332704,
        "imdb_id": "tt2784936",
        "original_language": "en",
        "original_title": "Backtrack",
        "popularity": 12.238,
        "release_date": "2015-07-25",
        "vote_average": 5.777,
        "vote_count": 373,
        "budget": 0,
        "revenue": 0,
        "director": "Michael Petroni"
    },
    {
        "id": 3603,
        "imdb_id": "tt0779982",
        "original_language": "en",
        "original_title": "Black Sheep",
        "popularity": 12.708,
        "release_date": "2007-03-29",
        "vote_average": 5.779,
        "vote_count": 752,
        "budget": 0,
        "revenue": 5000000,
        "director": "Jonathan King"
    },
    {
        "id": 575322,
        "imdb_id": "tt5656994",
        "original_language": "en",
        "original_title": "\u0417\u0432\u0451\u0437\u0434\u043d\u044b\u0439 \u0440\u0430\u0437\u0443\u043c",
        "popularity": 21.72,
        "release_date": "2022-01-06",
        "vote_average": 5.778,
        "vote_count": 452,
        "budget": 6000000,
        "revenue": 211674,
        "director": "Serik Beyseu"
    },
    {
        "id": 10014,
        "imdb_id": "tt0089686",
        "original_language": "en",
        "original_title": "A Nightmare on Elm Street Part 2: Freddy's Revenge",
        "popularity": 31.098,
        "release_date": "1985-11-01",
        "vote_average": 5.778,
        "vote_count": 1887,
        "budget": 3000000,
        "revenue": 29999213,
        "director": "Jack Sholder"
    },
    {
        "id": 46261,
        "imdb_id": "tt1270761",
        "original_language": "en",
        "original_title": "Don't Be Afraid of the Dark",
        "popularity": 18.374,
        "release_date": "2010-11-06",
        "vote_average": 5.777,
        "vote_count": 1041,
        "budget": 25000000,
        "revenue": 36993168,
        "director": "Troy Nixey"
    },
    {
        "id": 622420,
        "imdb_id": "tt10645682",
        "original_language": "en",
        "original_title": "The Jack in the Box",
        "popularity": 14.068,
        "release_date": "2019-11-09",
        "vote_average": 5.8,
        "vote_count": 437,
        "budget": 0,
        "revenue": 1035734,
        "director": "Lawrence Fowler"
    },
    {
        "id": 250546,
        "imdb_id": "tt3322940",
        "original_language": "en",
        "original_title": "Annabelle",
        "popularity": 56.552,
        "release_date": "2014-10-02",
        "vote_average": 5.8,
        "vote_count": 6137,
        "budget": 6500000,
        "revenue": 257589952,
        "director": "John R. Leonetti"
    },
    {
        "id": 45657,
        "imdb_id": "tt1369706",
        "original_language": "en",
        "original_title": "The Ward",
        "popularity": 20.103,
        "release_date": "2010-09-13",
        "vote_average": 5.773,
        "vote_count": 1203,
        "budget": 10000000,
        "revenue": 5343820,
        "director": "John Carpenter"
    },
    {
        "id": 10829,
        "imdb_id": "tt0259685",
        "original_language": "en",
        "original_title": "Tremors 3: Back to Perfection",
        "popularity": 16.696,
        "release_date": "2001-10-02",
        "vote_average": 5.773,
        "vote_count": 629,
        "budget": 6000000,
        "revenue": 0,
        "director": "Brent Maddock"
    },
    {
        "id": 112454,
        "imdb_id": "tt1780798",
        "original_language": "en",
        "original_title": "Clown",
        "popularity": 26.114,
        "release_date": "2014-11-13",
        "vote_average": 5.772,
        "vote_count": 1373,
        "budget": 0,
        "revenue": 4381603,
        "director": "Jon Watts"
    },
    {
        "id": 41436,
        "imdb_id": "tt1536044",
        "original_language": "en",
        "original_title": "Paranormal Activity 2",
        "popularity": 25.437,
        "release_date": "2010-10-20",
        "vote_average": 5.762,
        "vote_count": 2436,
        "budget": 3000000,
        "revenue": 177512032,
        "director": "Tod Williams"
    },
    {
        "id": 357096,
        "imdb_id": "tt4530884",
        "original_language": "en",
        "original_title": "I Spit on Your Grave III: Vengeance Is Mine",
        "popularity": 32.466,
        "release_date": "2015-10-01",
        "vote_average": 5.8,
        "vote_count": 958,
        "budget": 0,
        "revenue": 144420,
        "director": "Richard Schenkman"
    },
    {
        "id": 11908,
        "imdb_id": "tt0422401",
        "original_language": "en",
        "original_title": "Hatchet",
        "popularity": 18.692,
        "release_date": "2006-04-27",
        "vote_average": 5.8,
        "vote_count": 644,
        "budget": 1500000,
        "revenue": 155873,
        "director": "Adam Green"
    },
    {
        "id": 347754,
        "imdb_id": "tt3212904",
        "original_language": "en",
        "original_title": "Curve",
        "popularity": 29.109,
        "release_date": "2015-08-31",
        "vote_average": 5.8,
        "vote_count": 486,
        "budget": 0,
        "revenue": 0,
        "director": "Iain Softley"
    }
]