[
    {
        "id": 254194,
        "imdb_id": "tt2793490",
        "original_language": "en",
        "original_title": "Starry Eyes",
        "popularity": 12.079,
        "release_date": "2014-07-29",
        "vote_average": 6.0,
        "vote_count": 444,
        "budget": 0,
        "revenue": 0,
        "director": "Kevin K\u00f6lsch"
    },
    {
        "id": 41505,
        "imdb_id": "tt1179069",
        "original_language": "en",
        "original_title": "6 Souls",
        "popularity": 20.51,
        "release_date": "2010-03-27",
        "vote_average": 6.0,
        "vote_count": 703,
        "budget": 22000000,
        "revenue": 851517,
        "director": "Bj\u00f6rn Stein"
    },
    {
        "id": 20850,
        "imdb_id": "tt0071650",
        "original_language": "en",
        "original_title": "Ilsa: She Wolf of the SS",
        "popularity": 8.87,
        "release_date": "1975-10-01",
        "vote_average": 6.061,
        "vote_count": 352,
        "budget": 0,
        "revenue": 0,
        "director": "Don Edmonds"
    },
    {
        "id": 48572,
        "imdb_id": "tt0873886",
        "original_language": "en",
        "original_title": "Red State",
        "popularity": 14.596,
        "release_date": "2011-08-19",
        "vote_average": 6.0,
        "vote_count": 939,
        "budget": 4000000,
        "revenue": 1104682,
        "director": "Kevin Smith"
    },
    {
        "id": 16342,
        "imdb_id": "tt1172571",
        "original_language": "en",
        "original_title": "The Children",
        "popularity": 13.626,
        "release_date": "2008-12-05",
        "vote_average": 6.0,
        "vote_count": 384,
        "budget": 0,
        "revenue": 0,
        "director": "Tom Shankland"
    },
    {
        "id": 2212,
        "imdb_id": "tt0119791",
        "original_language": "en",
        "original_title": "Nightwatch",
        "popularity": 16.153,
        "release_date": "1997-01-31",
        "vote_average": 6.0,
        "vote_count": 395,
        "budget": 10000000,
        "revenue": 1179002,
        "director": "Ole Bornedal"
    },
    {
        "id": 244610,
        "imdb_id": "tt2503154",
        "original_language": "en",
        "original_title": "The Den",
        "popularity": 10.16,
        "release_date": "2013-12-12",
        "vote_average": 6.0,
        "vote_count": 338,
        "budget": 500000,
        "revenue": 410129,
        "director": "Zachary Donohue"
    },
    {
        "id": 65599,
        "imdb_id": "tt1714208",
        "original_language": "en",
        "original_title": "The Woman",
        "popularity": 16.147,
        "release_date": "2011-10-14",
        "vote_average": 6.0,
        "vote_count": 531,
        "budget": 0,
        "revenue": 0,
        "director": "Lucky McKee"
    },
    {
        "id": 652004,
        "imdb_id": "tt11140488",
        "original_language": "en",
        "original_title": "The Wolf of Snow Hollow",
        "popularity": 12.469,
        "release_date": "2020-10-23",
        "vote_average": 6.0,
        "vote_count": 429,
        "budget": 2000000,
        "revenue": 239828,
        "director": "Jim Cummings"
    },
    {
        "id": 116811,
        "imdb_id": "tt1833844",
        "original_language": "en",
        "original_title": "Berberian Sound Studio",
        "popularity": 9.806,
        "release_date": "2012-08-30",
        "vote_average": 6.044,
        "vote_count": 353,
        "budget": 0,
        "revenue": 0,
        "director": "Peter Strickland"
    },
    {
        "id": 103620,
        "imdb_id": "tt2103217",
        "original_language": "en",
        "original_title": "Maniac",
        "popularity": 21.462,
        "release_date": "2012-12-26",
        "vote_average": 6.044,
        "vote_count": 931,
        "budget": 6000000,
        "revenue": 2631275,
        "director": "Franck Khalfoun"
    },
    {
        "id": 146229,
        "imdb_id": "tt2027136",
        "original_language": "en",
        "original_title": "Kristy",
        "popularity": 19.942,
        "release_date": "2014-08-07",
        "vote_average": 6.043,
        "vote_count": 415,
        "budget": 6900000,
        "revenue": 0,
        "director": "Olly Blackburn"
    },
    {
        "id": 461928,
        "imdb_id": "tt6433880",
        "original_language": "en",
        "original_title": "Anna and the Apocalypse",
        "popularity": 16.194,
        "release_date": "2018-11-30",
        "vote_average": 6.041,
        "vote_count": 386,
        "budget": 0,
        "revenue": 673523,
        "director": "John McPhail"
    },
    {
        "id": 77883,
        "imdb_id": "tt0431021",
        "original_language": "en",
        "original_title": "The Possession",
        "popularity": 27.747,
        "release_date": "2012-08-30",
        "vote_average": 6.0,
        "vote_count": 1592,
        "budget": 14000000,
        "revenue": 85400000,
        "director": "Ole Bornedal"
    },
    {
        "id": 41215,
        "imdb_id": "tt1181791",
        "original_language": "en",
        "original_title": "Black Death",
        "popularity": 14.923,
        "release_date": "2010-06-07",
        "vote_average": 6.0,
        "vote_count": 865,
        "budget": 0,
        "revenue": 382879,
        "director": "Christopher Smith"
    },
    {
        "id": 11675,
        "imdb_id": "tt0120694",
        "original_language": "en",
        "original_title": "Halloween H20: 20 Years Later",
        "popularity": 18.972,
        "release_date": "1998-08-05",
        "vote_average": 6.037,
        "vote_count": 1650,
        "budget": 17000000,
        "revenue": 75041738,
        "director": "Steve Miner"
    },
    {
        "id": 864873,
        "imdb_id": "tt12383460",
        "original_language": "en",
        "original_title": "Hypnotic",
        "popularity": 15.81,
        "release_date": "2021-10-27",
        "vote_average": 6.0,
        "vote_count": 616,
        "budget": 0,
        "revenue": 0,
        "director": "Matt Angel"
    },
    {
        "id": 643586,
        "imdb_id": "tt8114980",
        "original_language": "en",
        "original_title": "Willy's Wonderland",
        "popularity": 16.731,
        "release_date": "2021-02-12",
        "vote_average": 6.034,
        "vote_count": 995,
        "budget": 5000000,
        "revenue": 431020,
        "director": "Kevin Lewis"
    },
    {
        "id": 133805,
        "imdb_id": "tt1939659",
        "original_language": "en",
        "original_title": "Carrie",
        "popularity": 39.601,
        "release_date": "2013-10-16",
        "vote_average": 6.034,
        "vote_count": 4465,
        "budget": 30000000,
        "revenue": 84790678,
        "director": "Kimberly Peirce"
    },
    {
        "id": 7342,
        "imdb_id": "tt0319970",
        "original_language": "en",
        "original_title": "Carrie",
        "popularity": 24.616,
        "release_date": "2002-11-04",
        "vote_average": 6.034,
        "vote_count": 489,
        "budget": 5000000,
        "revenue": 0,
        "director": "David Carson"
    },
    {
        "id": 548473,
        "imdb_id": "tt5073642",
        "original_language": "en",
        "original_title": "Color Out of Space",
        "popularity": 14.533,
        "release_date": "2019-09-07",
        "vote_average": 6.032,
        "vote_count": 1478,
        "budget": 6000000,
        "revenue": 1023510,
        "director": "Richard Stanley"
    },
    {
        "id": 1079485,
        "imdb_id": "tt23330554",
        "original_language": "en",
        "original_title": "Winnie-the-Pooh: Blood and Honey 2",
        "popularity": 113.069,
        "release_date": "2024-03-26",
        "vote_average": 6.028,
        "vote_count": 323,
        "budget": 500000,
        "revenue": 7582541,
        "director": "Rhys Frake-Waterfield"
    },
    {
        "id": 565028,
        "imdb_id": "tt9347730",
        "original_language": "en",
        "original_title": "Candyman",
        "popularity": 24.205,
        "release_date": "2021-08-25",
        "vote_average": 6.028,
        "vote_count": 1569,
        "budget": 25000000,
        "revenue": 77411570,
        "director": "Nia DaCosta"
    },
    {
        "id": 12590,
        "imdb_id": "tt0276816",
        "original_language": "en",
        "original_title": "Below",
        "popularity": 17.522,
        "release_date": "2002-08-11",
        "vote_average": 6.0,
        "vote_count": 445,
        "budget": 40000000,
        "revenue": 2622015,
        "director": "David Twohy"
    },
    {
        "id": 672582,
        "imdb_id": "tt11686490",
        "original_language": "en",
        "original_title": "The Deep House",
        "popularity": 18.874,
        "release_date": "2021-06-30",
        "vote_average": 6.026,
        "vote_count": 993,
        "budget": 0,
        "revenue": 1900000,
        "director": "Julien Maury"
    },
    {
        "id": 6917,
        "imdb_id": "tt0093075",
        "original_language": "en",
        "original_title": "The Gate",
        "popularity": 18.846,
        "release_date": "1987-04-21",
        "vote_average": 6.025,
        "vote_count": 377,
        "budget": 2500000,
        "revenue": 13539458,
        "director": "Tibor Tak\u00e1cs"
    },
    {
        "id": 335866,
        "imdb_id": "tt3118452",
        "original_language": "en",
        "original_title": "Circle",
        "popularity": 18.746,
        "release_date": "2015-05-28",
        "vote_average": 6.022,
        "vote_count": 1971,
        "budget": 0,
        "revenue": 0,
        "director": "Aaron Hann"
    },
    {
        "id": 527261,
        "imdb_id": "tt7315484",
        "original_language": "en",
        "original_title": "The Silence",
        "popularity": 27.864,
        "release_date": "2019-05-16",
        "vote_average": 6.019,
        "vote_count": 1562,
        "budget": 0,
        "revenue": 2325977,
        "director": "John R. Leonetti"
    },
    {
        "id": 9997,
        "imdb_id": "tt0857376",
        "original_language": "en",
        "original_title": "Gabriel",
        "popularity": 15.328,
        "release_date": "2007-11-15",
        "vote_average": 6.0,
        "vote_count": 400,
        "budget": 200000,
        "revenue": 1395610,
        "director": "Shane Abbess"
    },
    {
        "id": 11428,
        "imdb_id": "tt0105428",
        "original_language": "en",
        "original_title": "Sleepwalkers",
        "popularity": 24.812,
        "release_date": "1992-04-10",
        "vote_average": 6.018,
        "vote_count": 548,
        "budget": 15000000,
        "revenue": 30524764,
        "director": "Mick Garris"
    },
    {
        "id": 4858,
        "imdb_id": "tt0427392",
        "original_language": "en",
        "original_title": "The Invasion",
        "popularity": 35.351,
        "release_date": "2007-08-17",
        "vote_average": 6.0,
        "vote_count": 1519,
        "budget": 80000000,
        "revenue": 40170558,
        "director": "Oliver Hirschbiegel"
    },
    {
        "id": 363126,
        "imdb_id": "tt3335606",
        "original_language": "en",
        "original_title": "Berlin Syndrome",
        "popularity": 16.826,
        "release_date": "2017-04-20",
        "vote_average": 6.017,
        "vote_count": 636,
        "budget": 0,
        "revenue": 397783,
        "director": "Cate Shortland"
    },
    {
        "id": 1125311,
        "imdb_id": "tt26658104",
        "original_language": "en",
        "original_title": "Imaginary",
        "popularity": 92.635,
        "release_date": "2024-03-06",
        "vote_average": 6.016,
        "vote_count": 524,
        "budget": 13000000,
        "revenue": 43787034,
        "director": "Jeff Wadlow"
    },
    {
        "id": 800497,
        "imdb_id": "tt9288692",
        "original_language": "en",
        "original_title": "Werewolves Within",
        "popularity": 23.514,
        "release_date": "2021-06-25",
        "vote_average": 6.0,
        "vote_count": 538,
        "budget": 6500000,
        "revenue": 937490,
        "director": "Josh Ruben"
    },
    {
        "id": 611605,
        "imdb_id": "tt7541106",
        "original_language": "en",
        "original_title": "1BR",
        "popularity": 12.203,
        "release_date": "2019-07-18",
        "vote_average": 6.014,
        "vote_count": 458,
        "budget": 0,
        "revenue": 0,
        "director": "David Marmor"
    },
    {
        "id": 431075,
        "imdb_id": "tt5598292",
        "original_language": "en",
        "original_title": "Polaroid",
        "popularity": 19.542,
        "release_date": "2019-01-10",
        "vote_average": 6.014,
        "vote_count": 1055,
        "budget": 0,
        "revenue": 0,
        "director": "Lars Klevberg"
    },
    {
        "id": 1062215,
        "imdb_id": "tt24577462",
        "original_language": "en",
        "original_title": "Afraid",
        "popularity": 87.605,
        "release_date": "2024-08-28",
        "vote_average": 6.018,
        "vote_count": 313,
        "budget": 12000000,
        "revenue": 12977758,
        "director": "Chris Weitz"
    },
    {
        "id": 25239,
        "imdb_id": "tt0077713",
        "original_language": "en",
        "original_title": "Day of the Woman",
        "popularity": 44.263,
        "release_date": "1978-11-02",
        "vote_average": 6.0,
        "vote_count": 632,
        "budget": 80000,
        "revenue": 0,
        "director": "Meir Zarchi"
    },
    {
        "id": 10351,
        "imdb_id": "tt0120524",
        "original_language": "en",
        "original_title": "Wishmaster",
        "popularity": 25.036,
        "release_date": "1997-09-19",
        "vote_average": 6.012,
        "vote_count": 594,
        "budget": 5000000,
        "revenue": 15738769,
        "director": "Robert Kurtzman"
    },
    {
        "id": 23827,
        "imdb_id": "tt1179904",
        "original_language": "en",
        "original_title": "Paranormal Activity",
        "popularity": 35.624,
        "release_date": "2007-09-14",
        "vote_average": 6.008,
        "vote_count": 5046,
        "budget": 215000,
        "revenue": 193355800,
        "director": "Oren Peli"
    },
    {
        "id": 579,
        "imdb_id": "tt0077766",
        "original_language": "en",
        "original_title": "Jaws 2",
        "popularity": 37.752,
        "release_date": "1978-06-16",
        "vote_average": 6.0,
        "vote_count": 1915,
        "budget": 20000000,
        "revenue": 187884000,
        "director": "Jeannot Szwarc"
    },
    {
        "id": 955991,
        "imdb_id": "tt13103732",
        "original_language": "en",
        "original_title": "The Offering",
        "popularity": 15.616,
        "release_date": "2022-09-23",
        "vote_average": 6.0,
        "vote_count": 326,
        "budget": 0,
        "revenue": 0,
        "director": "Oliver Park"
    },
    {
        "id": 86597,
        "imdb_id": "tt1658837",
        "original_language": "en",
        "original_title": "The Tall Man",
        "popularity": 12.774,
        "release_date": "2012-03-19",
        "vote_average": 5.998,
        "vote_count": 1148,
        "budget": 18200000,
        "revenue": 0,
        "director": "Pascal Laugier"
    },
    {
        "id": 10066,
        "imdb_id": "tt0397065",
        "original_language": "en",
        "original_title": "House of Wax",
        "popularity": 52.422,
        "release_date": "2005-05-05",
        "vote_average": 6.0,
        "vote_count": 3032,
        "budget": 40000000,
        "revenue": 68766121,
        "director": "Jaume Collet-Serra"
    },
    {
        "id": 483202,
        "imdb_id": "tt5294518",
        "original_language": "en",
        "original_title": "Eli",
        "popularity": 21.943,
        "release_date": "2019-10-18",
        "vote_average": 5.995,
        "vote_count": 1412,
        "budget": 0,
        "revenue": 0,
        "director": "Ciar\u00e1n Foy"
    },
    {
        "id": 442249,
        "imdb_id": "tt6133466",
        "original_language": "en",
        "original_title": "The First Purge",
        "popularity": 35.401,
        "release_date": "2018-07-04",
        "vote_average": 5.993,
        "vote_count": 3997,
        "budget": 13000000,
        "revenue": 137056262,
        "director": "Gerard McMurray"
    },
    {
        "id": 11082,
        "imdb_id": "tt0096073",
        "original_language": "en",
        "original_title": "The Seventh Sign",
        "popularity": 16.138,
        "release_date": "1988-04-01",
        "vote_average": 5.993,
        "vote_count": 344,
        "budget": 0,
        "revenue": 18875011,
        "director": "Carl Schultz"
    },
    {
        "id": 8973,
        "imdb_id": "tt0113690",
        "original_language": "en",
        "original_title": "Lord of Illusions",
        "popularity": 15.342,
        "release_date": "1995-08-25",
        "vote_average": 5.992,
        "vote_count": 332,
        "budget": 0,
        "revenue": 13294594,
        "director": "Clive Barker"
    },
    {
        "id": 41439,
        "imdb_id": "tt1477076",
        "original_language": "en",
        "original_title": "Saw 3D",
        "popularity": 40.605,
        "release_date": "2010-10-22",
        "vote_average": 6.0,
        "vote_count": 3041,
        "budget": 20000000,
        "revenue": 136435701,
        "director": "Kevin Greutert"
    },
    {
        "id": 664574,
        "imdb_id": "tt11628854",
        "original_language": "en",
        "original_title": "Silent Night",
        "popularity": 21.341,
        "release_date": "2021-12-03",
        "vote_average": 5.99,
        "vote_count": 498,
        "budget": 0,
        "revenue": 438825,
        "director": "Camille Griffin"
    },
    {
        "id": 10547,
        "imdb_id": "tt0115571",
        "original_language": "en",
        "original_title": "The Arrival",
        "popularity": 22.618,
        "release_date": "1996-05-31",
        "vote_average": 6.0,
        "vote_count": 737,
        "budget": 25000000,
        "revenue": 14063331,
        "director": "David Twohy"
    },
    {
        "id": 378018,
        "imdb_id": "tt4255304",
        "original_language": "en",
        "original_title": "The Void",
        "popularity": 20.692,
        "release_date": "2016-09-22",
        "vote_average": 6.0,
        "vote_count": 1261,
        "budget": 0,
        "revenue": 151042,
        "director": "Steven Kostanski"
    },
    {
        "id": 18502,
        "imdb_id": "tt0090094",
        "original_language": "en",
        "original_title": "The Stuff",
        "popularity": 20.429,
        "release_date": "1985-06-14",
        "vote_average": 6.0,
        "vote_count": 471,
        "budget": 1700000,
        "revenue": 0,
        "director": "Larry Cohen"
    },
    {
        "id": 10349,
        "imdb_id": "tt0106664",
        "original_language": "en",
        "original_title": "The Dark Half",
        "popularity": 25.021,
        "release_date": "1993-04-23",
        "vote_average": 6.0,
        "vote_count": 410,
        "budget": 15000000,
        "revenue": 10611160,
        "director": "George A. Romero"
    },
    {
        "id": 542224,
        "imdb_id": "tt9086228",
        "original_language": "en",
        "original_title": "Gretel & Hansel",
        "popularity": 16.87,
        "release_date": "2020-01-30",
        "vote_average": 5.987,
        "vote_count": 1439,
        "budget": 5000000,
        "revenue": 22304357,
        "director": "Osgood Perkins"
    },
    {
        "id": 413857,
        "imdb_id": "tt3859272",
        "original_language": "en",
        "original_title": "Tragedy Girls",
        "popularity": 12.499,
        "release_date": "2017-10-20",
        "vote_average": 5.987,
        "vote_count": 313,
        "budget": 0,
        "revenue": 0,
        "director": "Tyler MacIntyre"
    },
    {
        "id": 49730,
        "imdb_id": "tt1486185",
        "original_language": "en",
        "original_title": "Red Riding Hood",
        "popularity": 33.652,
        "release_date": "2011-03-10",
        "vote_average": 5.985,
        "vote_count": 3151,
        "budget": 42000000,
        "revenue": 89162162,
        "director": "Catherine Hardwicke"
    },
    {
        "id": 514593,
        "imdb_id": "tt8201852",
        "original_language": "en",
        "original_title": "You Should Have Left",
        "popularity": 20.576,
        "release_date": "2020-06-18",
        "vote_average": 5.985,
        "vote_count": 785,
        "budget": 0,
        "revenue": 0,
        "director": "David Koepp"
    },
    {
        "id": 4234,
        "imdb_id": "tt0134084",
        "original_language": "en",
        "original_title": "Scream 3",
        "popularity": 50.149,
        "release_date": "2000-02-04",
        "vote_average": 6.0,
        "vote_count": 3622,
        "budget": 40000000,
        "revenue": 161834276,
        "director": "Wes Craven"
    },
    {
        "id": 11133,
        "imdb_id": "tt0091778",
        "original_language": "en",
        "original_title": "Poltergeist II: The Other Side",
        "popularity": 16.718,
        "release_date": "1986-05-23",
        "vote_average": 5.982,
        "vote_count": 683,
        "budget": 19000000,
        "revenue": 40996665,
        "director": "Brian Gibson"
    },
    {
        "id": 890771,
        "imdb_id": "tt10279472",
        "original_language": "en",
        "original_title": "The Black Demon",
        "popularity": 25.688,
        "release_date": "2023-04-26",
        "vote_average": 6.0,
        "vote_count": 636,
        "budget": 0,
        "revenue": 0,
        "director": "Adrian Gr\u00fcnberg"
    },
    {
        "id": 11015,
        "imdb_id": "tt0120004",
        "original_language": "en",
        "original_title": "The Relic",
        "popularity": 23.954,
        "release_date": "1997-01-10",
        "vote_average": 5.979,
        "vote_count": 531,
        "budget": 60000000,
        "revenue": 33956608,
        "director": "Peter Hyams"
    },
    {
        "id": 630586,
        "imdb_id": "tt9110170",
        "original_language": "en",
        "original_title": "Wrong Turn",
        "popularity": 61.209,
        "release_date": "2021-01-26",
        "vote_average": 5.978,
        "vote_count": 1155,
        "budget": 0,
        "revenue": 3777969,
        "director": "Mike P. Nelson"
    },
    {
        "id": 274854,
        "imdb_id": "tt1618442",
        "original_language": "en",
        "original_title": "The Last Witch Hunter",
        "popularity": 53.654,
        "release_date": "2015-10-21",
        "vote_average": 5.978,
        "vote_count": 3606,
        "budget": 90000000,
        "revenue": 146936910,
        "director": "Breck Eisner"
    },
    {
        "id": 8914,
        "imdb_id": "tt0149261",
        "original_language": "en",
        "original_title": "Deep Blue Sea",
        "popularity": 19.049,
        "release_date": "1999-07-28",
        "vote_average": 6.0,
        "vote_count": 2429,
        "budget": 60000000,
        "revenue": 164700000,
        "director": "Renny Harlin"
    },
    {
        "id": 15516,
        "imdb_id": "tt0068833",
        "original_language": "en",
        "original_title": "The Last House on the Left",
        "popularity": 14.201,
        "release_date": "1972-08-30",
        "vote_average": 6.0,
        "vote_count": 688,
        "budget": 90000,
        "revenue": 0,
        "director": "Wes Craven"
    },
    {
        "id": 97051,
        "imdb_id": "tt1999995",
        "original_language": "en",
        "original_title": "Would You Rather",
        "popularity": 15.583,
        "release_date": "2013-02-08",
        "vote_average": 6.0,
        "vote_count": 924,
        "budget": 0,
        "revenue": 0,
        "director": "David Guy Levy"
    },
    {
        "id": 19994,
        "imdb_id": "tt1131734",
        "original_language": "en",
        "original_title": "Jennifer's Body",
        "popularity": 56.856,
        "release_date": "2009-09-18",
        "vote_average": 5.97,
        "vote_count": 3843,
        "budget": 16000000,
        "revenue": 31556061,
        "director": "Karyn Kusama"
    },
    {
        "id": 9645,
        "imdb_id": "tt0288477",
        "original_language": "en",
        "original_title": "Ghost Ship",
        "popularity": 33.135,
        "release_date": "2002-10-25",
        "vote_average": 5.97,
        "vote_count": 2416,
        "budget": 35000000,
        "revenue": 71142361,
        "director": "Steve Beck"
    },
    {
        "id": 9348,
        "imdb_id": "tt0114508",
        "original_language": "en",
        "original_title": "Species",
        "popularity": 31.645,
        "release_date": "1995-07-07",
        "vote_average": 6.0,
        "vote_count": 1660,
        "budget": 35000000,
        "revenue": 113400000,
        "director": "Roger Donaldson"
    },
    {
        "id": 211067,
        "imdb_id": "tt2383068",
        "original_language": "en",
        "original_title": "The Sacrament",
        "popularity": 13.782,
        "release_date": "2013-09-02",
        "vote_average": 5.966,
        "vote_count": 442,
        "budget": 4000000,
        "revenue": 9221,
        "director": "Ti West"
    },
    {
        "id": 460458,
        "imdb_id": "tt6920084",
        "original_language": "en",
        "original_title": "Resident Evil: Welcome to Raccoon City",
        "popularity": 45.753,
        "release_date": "2021-11-24",
        "vote_average": 5.965,
        "vote_count": 2460,
        "budget": 25000000,
        "revenue": 41914915,
        "director": "Johannes Roberts"
    },
    {
        "id": 3597,
        "imdb_id": "tt0119345",
        "original_language": "en",
        "original_title": "I Know What You Did Last Summer",
        "popularity": 20.954,
        "release_date": "1997-10-17",
        "vote_average": 5.964,
        "vote_count": 2787,
        "budget": 17000000,
        "revenue": 125586134,
        "director": "Jim Gillespie"
    },
    {
        "id": 9406,
        "imdb_id": "tt0118604",
        "original_language": "en",
        "original_title": "An American Werewolf in Paris",
        "popularity": 14.404,
        "release_date": "1997-05-29",
        "vote_average": 6.0,
        "vote_count": 684,
        "budget": 22000000,
        "revenue": 26570463,
        "director": "Anthony Waller"
    },
    {
        "id": 215830,
        "imdb_id": "tt2071550",
        "original_language": "en",
        "original_title": "Open Grave",
        "popularity": 17.068,
        "release_date": "2013-08-13",
        "vote_average": 6.0,
        "vote_count": 711,
        "budget": 0,
        "revenue": 0,
        "director": "Gonzalo L\u00f3pez-Gallego"
    },
    {
        "id": 670428,
        "imdb_id": "tt11252440",
        "original_language": "en",
        "original_title": "PG: Psycho Goreman",
        "popularity": 9.111,
        "release_date": "2020-10-29",
        "vote_average": 6.0,
        "vote_count": 361,
        "budget": 1700000,
        "revenue": 95384,
        "director": "Steven Kostanski"
    },
    {
        "id": 321258,
        "imdb_id": "tt3882082",
        "original_language": "en",
        "original_title": "The Boy",
        "popularity": 24.383,
        "release_date": "2016-01-22",
        "vote_average": 5.957,
        "vote_count": 3752,
        "budget": 10000000,
        "revenue": 73929392,
        "director": "William Brent Bell"
    },
    {
        "id": 533642,
        "imdb_id": "tt8663516",
        "original_language": "en",
        "original_title": "Child's Play",
        "popularity": 15.662,
        "release_date": "2019-06-19",
        "vote_average": 6.0,
        "vote_count": 1906,
        "budget": 10000000,
        "revenue": 44902237,
        "director": "Lars Klevberg"
    },
    {
        "id": 38780,
        "imdb_id": "tt1337057",
        "original_language": "en",
        "original_title": "Rampage",
        "popularity": 21.425,
        "release_date": "2009-09-27",
        "vote_average": 6.0,
        "vote_count": 430,
        "budget": 0,
        "revenue": 0,
        "director": "Uwe Boll"
    },
    {
        "id": 14372,
        "imdb_id": "tt0097737",
        "original_language": "en",
        "original_title": "Leviathan",
        "popularity": 17.28,
        "release_date": "1989-03-17",
        "vote_average": 6.0,
        "vote_count": 496,
        "budget": 25000000,
        "revenue": 15704614,
        "director": "George P. Cosmatos"
    },
    {
        "id": 11429,
        "imdb_id": "tt0222812",
        "original_language": "en",
        "original_title": "Beyond Re-Animator",
        "popularity": 13.699,
        "release_date": "2003-04-04",
        "vote_average": 6.0,
        "vote_count": 359,
        "budget": 3000000,
        "revenue": 0,
        "director": "Brian Yuzna"
    },
    {
        "id": 602734,
        "imdb_id": "tt10342730",
        "original_language": "en",
        "original_title": "Spiral: From the Book of Saw",
        "popularity": 26.531,
        "release_date": "2021-05-12",
        "vote_average": 5.954,
        "vote_count": 2040,
        "budget": 20000000,
        "revenue": 40618920,
        "director": "Darren Lynn Bousman"
    },
    {
        "id": 24831,
        "imdb_id": "tt0078087",
        "original_language": "en",
        "original_title": "Piranha",
        "popularity": 21.267,
        "release_date": "1978-08-03",
        "vote_average": 6.0,
        "vote_count": 669,
        "budget": 660000,
        "revenue": 16000000,
        "director": "Joe Dante"
    },
    {
        "id": 125490,
        "imdb_id": "tt2099556",
        "original_language": "en",
        "original_title": "Antiviral",
        "popularity": 12.993,
        "release_date": "2012-09-19",
        "vote_average": 6.0,
        "vote_count": 394,
        "budget": 2400000,
        "revenue": 0,
        "director": "Brandon Cronenberg"
    },
    {
        "id": 10900,
        "imdb_id": "tt0409345",
        "original_language": "en",
        "original_title": "Surveillance",
        "popularity": 16.916,
        "release_date": "2008-02-08",
        "vote_average": 5.951,
        "vote_count": 328,
        "budget": 3500000,
        "revenue": 1138322,
        "director": "Jennifer Lynch"
    },
    {
        "id": 1690,
        "imdb_id": "tt0450278",
        "original_language": "en",
        "original_title": "Hostel",
        "popularity": 48.426,
        "release_date": "2005-09-17",
        "vote_average": 5.9,
        "vote_count": 3631,
        "budget": 4800000,
        "revenue": 81979826,
        "director": "Eli Roth"
    },
    {
        "id": 1483,
        "imdb_id": "tt0101420",
        "original_language": "en",
        "original_title": "Begotten",
        "popularity": 12.106,
        "release_date": "1991-06-05",
        "vote_average": 5.9,
        "vote_count": 309,
        "budget": 33000,
        "revenue": 0,
        "director": "E. Elias Merhige"
    },
    {
        "id": 139038,
        "imdb_id": "tt2243537",
        "original_language": "en",
        "original_title": "A Haunted House",
        "popularity": 39.396,
        "release_date": "2013-01-11",
        "vote_average": 5.946,
        "vote_count": 1906,
        "budget": 2500000,
        "revenue": 60141683,
        "director": "Michael Tiddes"
    },
    {
        "id": 123109,
        "imdb_id": "tt1763264",
        "original_language": "en",
        "original_title": "No One Lives",
        "popularity": 15.109,
        "release_date": "2013-03-09",
        "vote_average": 5.9,
        "vote_count": 614,
        "budget": 2900000,
        "revenue": 74918,
        "director": "Ry\u00fbhei Kitamura"
    },
    {
        "id": 24056,
        "imdb_id": "tt0471041",
        "original_language": "en",
        "original_title": "The Tournament",
        "popularity": 16.257,
        "release_date": "2009-05-01",
        "vote_average": 5.945,
        "vote_count": 623,
        "budget": 8000000,
        "revenue": 0,
        "director": "Scott Mann"
    },
    {
        "id": 11152,
        "imdb_id": "tt0963794",
        "original_language": "en",
        "original_title": "The Ruins",
        "popularity": 22.204,
        "release_date": "2008-04-02",
        "vote_average": 5.941,
        "vote_count": 1272,
        "budget": 8000000,
        "revenue": 22818256,
        "director": "Carter Smith"
    },
    {
        "id": 228973,
        "imdb_id": "tt2944198",
        "original_language": "en",
        "original_title": "Backcountry",
        "popularity": 22.386,
        "release_date": "2015-03-20",
        "vote_average": 5.9,
        "vote_count": 653,
        "budget": 0,
        "revenue": 0,
        "director": "Adam MacDonald"
    },
    {
        "id": 460019,
        "imdb_id": "tt6772950",
        "original_language": "en",
        "original_title": "Truth or Dare",
        "popularity": 32.567,
        "release_date": "2018-04-12",
        "vote_average": 5.9,
        "vote_count": 4029,
        "budget": 3500000,
        "revenue": 95330493,
        "director": "Jeff Wadlow"
    },
    {
        "id": 19384,
        "imdb_id": "tt0099817",
        "original_language": "en",
        "original_title": "Dark Angel",
        "popularity": 22.069,
        "release_date": "1990-01-26",
        "vote_average": 5.9,
        "vote_count": 318,
        "budget": 7000000,
        "revenue": 9200000,
        "director": "Craig R. Baxley"
    },
    {
        "id": 10145,
        "imdb_id": "tt0356618",
        "original_language": "en",
        "original_title": "The Forgotten",
        "popularity": 26.058,
        "release_date": "2004-09-24",
        "vote_average": 5.938,
        "vote_count": 1126,
        "budget": 42000000,
        "revenue": 117592831,
        "director": "Joseph Ruben"
    },
    {
        "id": 38541,
        "imdb_id": "tt1535616",
        "original_language": "en",
        "original_title": "The Divide",
        "popularity": 14.602,
        "release_date": "2012-01-13",
        "vote_average": 5.9,
        "vote_count": 655,
        "budget": 3000000,
        "revenue": 156362,
        "director": "Xavier Gens"
    },
    {
        "id": 586592,
        "imdb_id": "tt8816194",
        "original_language": "en",
        "original_title": "Come to Daddy",
        "popularity": 12.589,
        "release_date": "2019-04-25",
        "vote_average": 5.928,
        "vote_count": 530,
        "budget": 0,
        "revenue": 117947,
        "director": "Ant Timpson"
    },
    {
        "id": 452507,
        "imdb_id": "tt6214928",
        "original_language": "en",
        "original_title": "1922",
        "popularity": 16.272,
        "release_date": "2017-10-20",
        "vote_average": 5.928,
        "vote_count": 2735,
        "budget": 0,
        "revenue": 0,
        "director": "Zak Hilditch"
    },
    {
        "id": 14248,
        "imdb_id": "tt0465502",
        "original_language": "en",
        "original_title": "Igor",
        "popularity": 23.33,
        "release_date": "2008-09-19",
        "vote_average": 5.9,
        "vote_count": 559,
        "budget": 25000000,
        "revenue": 30700000,
        "director": "Tony Leondis"
    },
    {
        "id": 8555,
        "imdb_id": "tt0381966",
        "original_language": "en",
        "original_title": "Creep",
        "popularity": 12.252,
        "release_date": "2004-08-10",
        "vote_average": 5.9,
        "vote_count": 744,
        "budget": 0,
        "revenue": 7480424,
        "director": "Christopher Smith"
    }
]