[
    {
        "id": 8643,
        "imdb_id": "tt0404032",
        "original_language": "en",
        "original_title": "The Exorcism of Emily Rose",
        "popularity": 45.854,
        "release_date": "2005-09-09",
        "vote_average": 6.593,
        "vote_count": 2789,
        "budget": 19000000,
        "revenue": 145166804,
        "director": "Scott Derrickson"
    },
    {
        "id": 396422,
        "imdb_id": "tt5140878",
        "original_language": "en",
        "original_title": "Annabelle: Creation",
        "popularity": 47.755,
        "release_date": "2017-08-03",
        "vote_average": 6.592,
        "vote_count": 5614,
        "budget": 15000000,
        "revenue": 306592201,
        "director": "David F. Sandberg"
    },
    {
        "id": 16296,
        "imdb_id": "tt0095444",
        "original_language": "en",
        "original_title": "Killer Klowns from Outer Space",
        "popularity": 19.692,
        "release_date": "1988-05-27",
        "vote_average": 6.6,
        "vote_count": 1032,
        "budget": 1800000,
        "revenue": 43625095,
        "director": "Stephen Chiodo"
    },
    {
        "id": 614479,
        "imdb_id": "tt13405778",
        "original_language": "en",
        "original_title": "Insidious: The Red Door",
        "popularity": 39.074,
        "release_date": "2023-07-05",
        "vote_average": 6.59,
        "vote_count": 1709,
        "budget": 16000000,
        "revenue": 189086877,
        "director": "Patrick Wilson"
    },
    {
        "id": 25319,
        "imdb_id": "tt0058333",
        "original_language": "en",
        "original_title": "The Masque of the Red Death",
        "popularity": 10.934,
        "release_date": "1964-06-24",
        "vote_average": 6.589,
        "vote_count": 325,
        "budget": 0,
        "revenue": 0,
        "director": "Roger Corman"
    },
    {
        "id": 5680,
        "imdb_id": "tt0095088",
        "original_language": "en",
        "original_title": "Elvira: Mistress of the Dark",
        "popularity": 17.839,
        "release_date": "1988-09-30",
        "vote_average": 6.6,
        "vote_count": 528,
        "budget": 7500000,
        "revenue": 5596267,
        "director": "James Signorelli"
    },
    {
        "id": 623520,
        "imdb_id": "tt8995218",
        "original_language": "en",
        "original_title": "Z",
        "popularity": 9.282,
        "release_date": "2019-09-19",
        "vote_average": 6.586,
        "vote_count": 308,
        "budget": 0,
        "revenue": 0,
        "director": "Brandon Christensen"
    },
    {
        "id": 547565,
        "imdb_id": "tt9731534",
        "original_language": "en",
        "original_title": "The Night House",
        "popularity": 17.246,
        "release_date": "2021-07-15",
        "vote_average": 6.585,
        "vote_count": 1143,
        "budget": 0,
        "revenue": 14600000,
        "director": "David Bruckner"
    },
    {
        "id": 17898,
        "imdb_id": "tt0090021",
        "original_language": "en",
        "original_title": "Silver Bullet",
        "popularity": 17.492,
        "release_date": "1985-10-10",
        "vote_average": 6.583,
        "vote_count": 606,
        "budget": 7000000,
        "revenue": 12400000,
        "director": "Daniel Attias"
    },
    {
        "id": 632357,
        "imdb_id": "tt9419056",
        "original_language": "en",
        "original_title": "The Unholy",
        "popularity": 29.225,
        "release_date": "2021-03-31",
        "vote_average": 6.581,
        "vote_count": 2166,
        "budget": 10000000,
        "revenue": 30800000,
        "director": "Evan Spiliotopoulos"
    },
    {
        "id": 270303,
        "imdb_id": "tt3235888",
        "original_language": "en",
        "original_title": "It Follows",
        "popularity": 57.505,
        "release_date": "2015-02-04",
        "vote_average": 6.6,
        "vote_count": 6407,
        "budget": 2300000,
        "revenue": 23374076,
        "director": "David Robert Mitchell"
    },
    {
        "id": 253306,
        "imdb_id": "tt3504048",
        "original_language": "en",
        "original_title": "Housebound",
        "popularity": 11.423,
        "release_date": "2014-09-04",
        "vote_average": 6.578,
        "vote_count": 838,
        "budget": 0,
        "revenue": 0,
        "director": "Gerard Johnstone"
    },
    {
        "id": 38410,
        "imdb_id": "tt1010271",
        "original_language": "en",
        "original_title": "The Poughkeepsie Tapes",
        "popularity": 38.091,
        "release_date": "2007-04-27",
        "vote_average": 6.6,
        "vote_count": 629,
        "budget": 0,
        "revenue": 0,
        "director": "John Erick Dowdle"
    },
    {
        "id": 588,
        "imdb_id": "tt0384537",
        "original_language": "en",
        "original_title": "Silent Hill",
        "popularity": 39.381,
        "release_date": "2006-04-21",
        "vote_average": 6.6,
        "vote_count": 4324,
        "budget": 50000000,
        "revenue": 100605135,
        "director": "Christophe Gans"
    },
    {
        "id": 19898,
        "imdb_id": "tt1188729",
        "original_language": "en",
        "original_title": "Pandorum",
        "popularity": 32.126,
        "release_date": "2009-09-08",
        "vote_average": 6.571,
        "vote_count": 2380,
        "budget": 33000000,
        "revenue": 20648328,
        "director": "Christian Alvart"
    },
    {
        "id": 11281,
        "imdb_id": "tt0082495",
        "original_language": "en",
        "original_title": "Halloween II",
        "popularity": 35.557,
        "release_date": "1981-10-30",
        "vote_average": 6.6,
        "vote_count": 2037,
        "budget": 2500000,
        "revenue": 25533818,
        "director": "Rick Rosenthal"
    },
    {
        "id": 11298,
        "imdb_id": "tt0082533",
        "original_language": "en",
        "original_title": "The Howling",
        "popularity": 21.061,
        "release_date": "1981-01-21",
        "vote_average": 6.567,
        "vote_count": 777,
        "budget": 1000000,
        "revenue": 17985893,
        "director": "Joe Dante"
    },
    {
        "id": 471506,
        "imdb_id": "tt2639336",
        "original_language": "en",
        "original_title": "Greta",
        "popularity": 21.033,
        "release_date": "2019-02-28",
        "vote_average": 6.6,
        "vote_count": 1336,
        "budget": 0,
        "revenue": 0,
        "director": "Neil Jordan"
    },
    {
        "id": 10493,
        "imdb_id": "tt0097162",
        "original_language": "en",
        "original_title": "Dead Calm",
        "popularity": 23.877,
        "release_date": "1989-04-07",
        "vote_average": 6.6,
        "vote_count": 747,
        "budget": 10400000,
        "revenue": 7825000,
        "director": "Phillip Noyce"
    },
    {
        "id": 109428,
        "imdb_id": "tt1288558",
        "original_language": "en",
        "original_title": "Evil Dead",
        "popularity": 53.249,
        "release_date": "2013-04-05",
        "vote_average": 6.6,
        "vote_count": 4632,
        "budget": 17000000,
        "revenue": 99010045,
        "director": "Fede \u00c1lvarez"
    },
    {
        "id": 28260,
        "imdb_id": "tt0107953",
        "original_language": "en",
        "original_title": "Return of the Living Dead III",
        "popularity": 19.299,
        "release_date": "1993-10-01",
        "vote_average": 6.559,
        "vote_count": 842,
        "budget": 2000000,
        "revenue": 54207,
        "director": "Brian Yuzna"
    },
    {
        "id": 551804,
        "imdb_id": "tt10919380",
        "original_language": "en",
        "original_title": "Freaky",
        "popularity": 24.416,
        "release_date": "2020-11-12",
        "vote_average": 6.556,
        "vote_count": 1640,
        "budget": 5000000,
        "revenue": 15100000,
        "director": "Christopher Landon"
    },
    {
        "id": 424139,
        "imdb_id": "tt1502407",
        "original_language": "en",
        "original_title": "Halloween",
        "popularity": 36.685,
        "release_date": "2018-10-18",
        "vote_average": 6.555,
        "vote_count": 4745,
        "budget": 10000000,
        "revenue": 259939869,
        "director": "David Gordon Green"
    },
    {
        "id": 21159,
        "imdb_id": "tt0058700",
        "original_language": "en",
        "original_title": "The Last Man on Earth",
        "popularity": 15.877,
        "release_date": "1964-05-06",
        "vote_average": 6.555,
        "vote_count": 434,
        "budget": 300000,
        "revenue": 0,
        "director": "Ubaldo Ragona"
    },
    {
        "id": 36586,
        "imdb_id": "tt0187738",
        "original_language": "en",
        "original_title": "Blade II",
        "popularity": 54.943,
        "release_date": "2002-03-22",
        "vote_average": 6.553,
        "vote_count": 4737,
        "budget": 54000000,
        "revenue": 155010032,
        "director": "Guillermo del Toro"
    },
    {
        "id": 25155,
        "imdb_id": "tt0094035",
        "original_language": "en",
        "original_title": "The Stepfather",
        "popularity": 19.194,
        "release_date": "1987-01-23",
        "vote_average": 6.6,
        "vote_count": 329,
        "budget": 0,
        "revenue": 2488740,
        "director": "Joseph Ruben"
    },
    {
        "id": 375366,
        "imdb_id": "tt4547056",
        "original_language": "en",
        "original_title": "The Girl with All the Gifts",
        "popularity": 20.709,
        "release_date": "2016-09-23",
        "vote_average": 6.5,
        "vote_count": 1974,
        "budget": 5005600,
        "revenue": 0,
        "director": "Colm McCarthy"
    },
    {
        "id": 11348,
        "imdb_id": "tt0422272",
        "original_language": "en",
        "original_title": "Fragile",
        "popularity": 11.77,
        "release_date": "2005-10-14",
        "vote_average": 6.548,
        "vote_count": 585,
        "budget": 7000000,
        "revenue": 6680926,
        "director": "Jaume Balaguer\u00f3"
    },
    {
        "id": 8461,
        "imdb_id": "tt0808279",
        "original_language": "en",
        "original_title": "Funny Games",
        "popularity": 18.125,
        "release_date": "2008-03-14",
        "vote_average": 6.5,
        "vote_count": 2055,
        "budget": 15000000,
        "revenue": 7938872,
        "director": "Michael Haneke"
    },
    {
        "id": 845783,
        "imdb_id": "tt14030816",
        "original_language": "en",
        "original_title": "Baghead",
        "popularity": 78.801,
        "release_date": "2023-12-28",
        "vote_average": 6.5,
        "vote_count": 367,
        "budget": 0,
        "revenue": 6671780,
        "director": "Alberto Corredor"
    },
    {
        "id": 9035,
        "imdb_id": "tt0439815",
        "original_language": "en",
        "original_title": "Slither",
        "popularity": 23.879,
        "release_date": "2006-03-31",
        "vote_average": 6.5,
        "vote_count": 1556,
        "budget": 15000000,
        "revenue": 12800000,
        "director": "James Gunn"
    },
    {
        "id": 585216,
        "imdb_id": "tt9844522",
        "original_language": "en",
        "original_title": "Escape Room: Tournament of Champions",
        "popularity": 25.711,
        "release_date": "2021-07-01",
        "vote_average": 6.542,
        "vote_count": 2040,
        "budget": 15000000,
        "revenue": 65774490,
        "director": "Adam Robitel"
    },
    {
        "id": 9276,
        "imdb_id": "tt0133751",
        "original_language": "en",
        "original_title": "The Faculty",
        "popularity": 34.176,
        "release_date": "1998-12-25",
        "vote_average": 6.5,
        "vote_count": 1994,
        "budget": 15000000,
        "revenue": 40283321,
        "director": "Robert Rodriguez"
    },
    {
        "id": 6069,
        "imdb_id": "tt0094332",
        "original_language": "en",
        "original_title": "The Witches of Eastwick",
        "popularity": 28.347,
        "release_date": "1987-06-12",
        "vote_average": 6.543,
        "vote_count": 1406,
        "budget": 22000000,
        "revenue": 63766510,
        "director": "George Miller"
    },
    {
        "id": 9707,
        "imdb_id": "tt0281686",
        "original_language": "en",
        "original_title": "Bubba Ho-tep",
        "popularity": 9.959,
        "release_date": "2002-06-09",
        "vote_average": 6.541,
        "vote_count": 615,
        "budget": 1000000,
        "revenue": 1239541,
        "director": "Don Coscarelli"
    },
    {
        "id": 522681,
        "imdb_id": "tt5886046",
        "original_language": "en",
        "original_title": "Escape Room",
        "popularity": 48.847,
        "release_date": "2019-01-03",
        "vote_average": 6.54,
        "vote_count": 4684,
        "budget": 9000000,
        "revenue": 155712077,
        "director": "Adam Robitel"
    },
    {
        "id": 1071215,
        "imdb_id": "tt1448754",
        "original_language": "en",
        "original_title": "Thanksgiving",
        "popularity": 58.486,
        "release_date": "2023-11-16",
        "vote_average": 6.5,
        "vote_count": 1250,
        "budget": 15000000,
        "revenue": 46553280,
        "director": "Eli Roth"
    },
    {
        "id": 10894,
        "imdb_id": "tt0303361",
        "original_language": "en",
        "original_title": "May",
        "popularity": 10.836,
        "release_date": "2003-04-11",
        "vote_average": 6.5,
        "vote_count": 620,
        "budget": 500000,
        "revenue": 264349,
        "director": "Lucky McKee"
    },
    {
        "id": 273477,
        "imdb_id": "tt1727776",
        "original_language": "en",
        "original_title": "Scouts Guide to the Zombie Apocalypse",
        "popularity": 84.982,
        "release_date": "2015-10-23",
        "vote_average": 6.537,
        "vote_count": 1928,
        "budget": 15000000,
        "revenue": 14900000,
        "director": "Christopher Landon"
    },
    {
        "id": 9638,
        "imdb_id": "tt0079714",
        "original_language": "en",
        "original_title": "Phantasm",
        "popularity": 8.313,
        "release_date": "1979-03-28",
        "vote_average": 6.537,
        "vote_count": 693,
        "budget": 300000,
        "revenue": 11988469,
        "director": "Don Coscarelli"
    },
    {
        "id": 8413,
        "imdb_id": "tt0119081",
        "original_language": "en",
        "original_title": "Event Horizon",
        "popularity": 41.764,
        "release_date": "1997-08-15",
        "vote_average": 6.5,
        "vote_count": 2850,
        "budget": 60000000,
        "revenue": 26700000,
        "director": "Paul W. S. Anderson"
    },
    {
        "id": 10052,
        "imdb_id": "tt0259288",
        "original_language": "en",
        "original_title": "Dragonfly",
        "popularity": 27.063,
        "release_date": "2002-02-22",
        "vote_average": 6.5,
        "vote_count": 860,
        "budget": 60000000,
        "revenue": 52322400,
        "director": "Tom Shadyac"
    },
    {
        "id": 436274,
        "imdb_id": "tt6097798",
        "original_language": "en",
        "original_title": "Radius",
        "popularity": 34.793,
        "release_date": "2017-07-17",
        "vote_average": 6.5,
        "vote_count": 659,
        "budget": 0,
        "revenue": 14097,
        "director": "Caroline Labr\u00e8che"
    },
    {
        "id": 503125,
        "imdb_id": "tt7390588",
        "original_language": "en",
        "original_title": "Little Monsters",
        "popularity": 15.315,
        "release_date": "2019-08-29",
        "vote_average": 6.523,
        "vote_count": 681,
        "budget": 0,
        "revenue": 0,
        "director": "Abe Forsythe"
    },
    {
        "id": 13122,
        "imdb_id": "tt0105121",
        "original_language": "en",
        "original_title": "The People Under the Stairs",
        "popularity": 12.525,
        "release_date": "1991-11-01",
        "vote_average": 6.5,
        "vote_count": 666,
        "budget": 6000000,
        "revenue": 31400000,
        "director": "Wes Craven"
    },
    {
        "id": 864959,
        "imdb_id": "tt15289240",
        "original_language": "en",
        "original_title": "The Curse of Bridge Hollow",
        "popularity": 11.822,
        "release_date": "2022-10-14",
        "vote_average": 6.52,
        "vote_count": 461,
        "budget": 0,
        "revenue": 0,
        "director": "Jeff Wadlow"
    },
    {
        "id": 242224,
        "imdb_id": "tt2321549",
        "original_language": "en",
        "original_title": "The Babadook",
        "popularity": 34.221,
        "release_date": "2014-05-22",
        "vote_average": 6.518,
        "vote_count": 5996,
        "budget": 2000000,
        "revenue": 10300000,
        "director": "Jennifer Kent"
    },
    {
        "id": 526051,
        "imdb_id": "tt5834760",
        "original_language": "en",
        "original_title": "Look Away",
        "popularity": 20.482,
        "release_date": "2018-10-12",
        "vote_average": 6.5,
        "vote_count": 878,
        "budget": 0,
        "revenue": 1119537,
        "director": "Assaf Bernstein"
    },
    {
        "id": 719221,
        "imdb_id": "tt14088510",
        "original_language": "en",
        "original_title": "Tarot",
        "popularity": 76.081,
        "release_date": "2024-05-01",
        "vote_average": 6.516,
        "vote_count": 1087,
        "budget": 8000000,
        "revenue": 49256239,
        "director": "Spenser Cohen"
    },
    {
        "id": 43947,
        "imdb_id": "tt1242432",
        "original_language": "en",
        "original_title": "I Spit on Your Grave",
        "popularity": 35.944,
        "release_date": "2010-06-17",
        "vote_average": 6.5,
        "vote_count": 2303,
        "budget": 2000000,
        "revenue": 572809,
        "director": "Steven R. Monroe"
    },
    {
        "id": 101669,
        "imdb_id": "tt1434435",
        "original_language": "en",
        "original_title": "Mother's Day",
        "popularity": 11.185,
        "release_date": "2010-09-23",
        "vote_average": 6.5,
        "vote_count": 422,
        "budget": 11000000,
        "revenue": 863000,
        "director": "Darren Lynn Bousman"
    },
    {
        "id": 758724,
        "imdb_id": "tt14550642",
        "original_language": "en",
        "original_title": "The Cellar",
        "popularity": 14.871,
        "release_date": "2022-03-25",
        "vote_average": 6.512,
        "vote_count": 461,
        "budget": 0,
        "revenue": 0,
        "director": "Brendan Muldowney"
    },
    {
        "id": 273271,
        "imdb_id": "tt2669336",
        "original_language": "en",
        "original_title": "Time Lapse",
        "popularity": 14.44,
        "release_date": "2014-05-24",
        "vote_average": 6.5,
        "vote_count": 1246,
        "budget": 0,
        "revenue": 19572,
        "director": "Bradley King"
    },
    {
        "id": 301365,
        "imdb_id": "tt1974419",
        "original_language": "en",
        "original_title": "The Neon Demon",
        "popularity": 18.592,
        "release_date": "2016-05-31",
        "vote_average": 6.51,
        "vote_count": 3720,
        "budget": 7000000,
        "revenue": 3400000,
        "director": "Nicolas Winding Refn"
    },
    {
        "id": 1710,
        "imdb_id": "tt0112722",
        "original_language": "en",
        "original_title": "Copycat",
        "popularity": 28.603,
        "release_date": "1995-10-27",
        "vote_average": 6.507,
        "vote_count": 958,
        "budget": 20000000,
        "revenue": 32000000,
        "director": "Jon Amiel"
    },
    {
        "id": 14510,
        "imdb_id": "tt0091083",
        "original_language": "en",
        "original_title": "From Beyond",
        "popularity": 14.156,
        "release_date": "1986-10-24",
        "vote_average": 6.5,
        "vote_count": 563,
        "budget": 4500000,
        "revenue": 1261000,
        "director": "Stuart Gordon"
    },
    {
        "id": 1551,
        "imdb_id": "tt0099582",
        "original_language": "en",
        "original_title": "Flatliners",
        "popularity": 35.708,
        "release_date": "1990-08-10",
        "vote_average": 6.499,
        "vote_count": 1549,
        "budget": 26000000,
        "revenue": 61489265,
        "director": "Joel Schumacher"
    },
    {
        "id": 297608,
        "imdb_id": "tt3387648",
        "original_language": "en",
        "original_title": "The Taking of Deborah Logan",
        "popularity": 25.271,
        "release_date": "2014-10-21",
        "vote_average": 6.5,
        "vote_count": 1241,
        "budget": 0,
        "revenue": 0,
        "director": "Adam Robitel"
    },
    {
        "id": 709631,
        "imdb_id": "tt9100018",
        "original_language": "en",
        "original_title": "Cobweb",
        "popularity": 37.385,
        "release_date": "2023-07-19",
        "vote_average": 6.496,
        "vote_count": 888,
        "budget": 0,
        "revenue": 5569593,
        "director": "Samuel Bodin"
    },
    {
        "id": 417384,
        "imdb_id": "tt3387520",
        "original_language": "en",
        "original_title": "Scary Stories to Tell in the Dark",
        "popularity": 24.354,
        "release_date": "2019-08-08",
        "vote_average": 6.496,
        "vote_count": 2654,
        "budget": 25000000,
        "revenue": 104545505,
        "director": "Andr\u00e9 \u00d8vredal"
    },
    {
        "id": 4233,
        "imdb_id": "tt0120082",
        "original_language": "en",
        "original_title": "Scream 2",
        "popularity": 36.873,
        "release_date": "1997-12-12",
        "vote_average": 6.5,
        "vote_count": 4222,
        "budget": 24000000,
        "revenue": 172363301,
        "director": "Wes Craven"
    },
    {
        "id": 649609,
        "imdb_id": "tt11358390",
        "original_language": "en",
        "original_title": "Renfield",
        "popularity": 37.221,
        "release_date": "2023-04-07",
        "vote_average": 6.5,
        "vote_count": 1729,
        "budget": 65000000,
        "revenue": 26874347,
        "director": "Chris McKay"
    },
    {
        "id": 723072,
        "imdb_id": "tt12749596",
        "original_language": "en",
        "original_title": "Host",
        "popularity": 22.269,
        "release_date": "2020-12-04",
        "vote_average": 6.488,
        "vote_count": 947,
        "budget": 100000,
        "revenue": 443807,
        "director": "Rob Savage"
    },
    {
        "id": 18405,
        "imdb_id": "tt0844708",
        "original_language": "en",
        "original_title": "The Last House on the Left",
        "popularity": 24.475,
        "release_date": "2009-03-13",
        "vote_average": 6.487,
        "vote_count": 1766,
        "budget": 15000000,
        "revenue": 32721635,
        "director": "Dennis Iliadis"
    },
    {
        "id": 301804,
        "imdb_id": "tt3174376",
        "original_language": "en",
        "original_title": "Before I Wake",
        "popularity": 20.07,
        "release_date": "2016-04-07",
        "vote_average": 6.485,
        "vote_count": 1851,
        "budget": 0,
        "revenue": 3295624,
        "director": "Mike Flanagan"
    },
    {
        "id": 3980,
        "imdb_id": "tt0090887",
        "original_language": "en",
        "original_title": "Critters",
        "popularity": 22.877,
        "release_date": "1986-04-11",
        "vote_average": 6.485,
        "vote_count": 986,
        "budget": 2000000,
        "revenue": 13167232,
        "director": "Stephen Herek"
    },
    {
        "id": 852096,
        "imdb_id": "tt7798604",
        "original_language": "en",
        "original_title": "We Have a Ghost",
        "popularity": 12.64,
        "release_date": "2023-02-24",
        "vote_average": 6.5,
        "vote_count": 601,
        "budget": 0,
        "revenue": 0,
        "director": "Christopher Landon"
    },
    {
        "id": 807356,
        "imdb_id": "tt12004038",
        "original_language": "en",
        "original_title": "Watcher",
        "popularity": 30.978,
        "release_date": "2022-06-03",
        "vote_average": 6.484,
        "vote_count": 958,
        "budget": 5000000,
        "revenue": 2543216,
        "director": "Chloe Okuno"
    },
    {
        "id": 18111,
        "imdb_id": "tt0099180",
        "original_language": "en",
        "original_title": "Bride of Re-Animator",
        "popularity": 14.159,
        "release_date": "1990-09-01",
        "vote_average": 6.482,
        "vote_count": 449,
        "budget": 2000000,
        "revenue": 0,
        "director": "Brian Yuzna"
    },
    {
        "id": 359246,
        "imdb_id": "tt4267026",
        "original_language": "en",
        "original_title": "Hell House LLC",
        "popularity": 33.663,
        "release_date": "2015-10-16",
        "vote_average": 6.48,
        "vote_count": 477,
        "budget": 0,
        "revenue": 0,
        "director": "Stephen Cognetti"
    },
    {
        "id": 928,
        "imdb_id": "tt0099700",
        "original_language": "en",
        "original_title": "Gremlins 2: The New Batch",
        "popularity": 28.421,
        "release_date": "1990-06-15",
        "vote_average": 6.477,
        "vote_count": 2602,
        "budget": 50000000,
        "revenue": 41482207,
        "director": "Joe Dante"
    },
    {
        "id": 1086747,
        "imdb_id": "tt26736843",
        "original_language": "en",
        "original_title": "The Watchers",
        "popularity": 59.966,
        "release_date": "2024-06-06",
        "vote_average": 6.473,
        "vote_count": 1116,
        "budget": 30000000,
        "revenue": 51147812,
        "director": "Ishana Night Shyamalan"
    },
    {
        "id": 11980,
        "imdb_id": "tt0114194",
        "original_language": "en",
        "original_title": "The Prophecy",
        "popularity": 16.411,
        "release_date": "1995-08-05",
        "vote_average": 6.5,
        "vote_count": 498,
        "budget": 8000000,
        "revenue": 16115878,
        "director": "Gregory Widen"
    },
    {
        "id": 296271,
        "imdb_id": "tt9663168",
        "original_language": "en",
        "original_title": "The Devil Conspiracy",
        "popularity": 17.781,
        "release_date": "2023-01-13",
        "vote_average": 6.471,
        "vote_count": 366,
        "budget": 0,
        "revenue": 0,
        "director": "Nathan Frankowski"
    },
    {
        "id": 10576,
        "imdb_id": "tt0086154",
        "original_language": "en",
        "original_title": "Psycho II",
        "popularity": 28.491,
        "release_date": "1983-06-03",
        "vote_average": 6.471,
        "vote_count": 645,
        "budget": 5000000,
        "revenue": 34725000,
        "director": "Richard Franklin"
    },
    {
        "id": 622,
        "imdb_id": "tt0142688",
        "original_language": "en",
        "original_title": "The Ninth Gate",
        "popularity": 28.383,
        "release_date": "1999-08-25",
        "vote_average": 6.5,
        "vote_count": 3020,
        "budget": 38000000,
        "revenue": 58401898,
        "director": "Roman Polanski"
    },
    {
        "id": 616747,
        "imdb_id": "tt1695843",
        "original_language": "en",
        "original_title": "Haunted Mansion",
        "popularity": 36.703,
        "release_date": "2023-07-26",
        "vote_average": 6.5,
        "vote_count": 1060,
        "budget": 157800000,
        "revenue": 117449790,
        "director": "Justin Simien"
    },
    {
        "id": 23963,
        "imdb_id": "tt1226681",
        "original_language": "en",
        "original_title": "Pontypool",
        "popularity": 12.599,
        "release_date": "2009-03-06",
        "vote_average": 6.5,
        "vote_count": 622,
        "budget": 1500000,
        "revenue": 32000,
        "director": "Bruce McDonald"
    },
    {
        "id": 8922,
        "imdb_id": "tt0263488",
        "original_language": "en",
        "original_title": "Jeepers Creepers",
        "popularity": 43.239,
        "release_date": "2001-07-01",
        "vote_average": 6.5,
        "vote_count": 3018,
        "budget": 10000000,
        "revenue": 59217789,
        "director": "Victor Salva"
    },
    {
        "id": 615656,
        "imdb_id": "tt9224104",
        "original_language": "en",
        "original_title": "Meg 2: The Trench",
        "popularity": 90.306,
        "release_date": "2023-08-02",
        "vote_average": 6.465,
        "vote_count": 3475,
        "budget": 129000000,
        "revenue": 384056482,
        "director": "Ben Wheatley"
    },
    {
        "id": 157547,
        "imdb_id": "tt2388715",
        "original_language": "en",
        "original_title": "Oculus",
        "popularity": 35.013,
        "release_date": "2013-09-08",
        "vote_average": 6.464,
        "vote_count": 2943,
        "budget": 5000000,
        "revenue": 44459951,
        "director": "Mike Flanagan"
    },
    {
        "id": 82654,
        "imdb_id": "tt1588173",
        "original_language": "en",
        "original_title": "Warm Bodies",
        "popularity": 34.921,
        "release_date": "2013-01-31",
        "vote_average": 6.5,
        "vote_count": 6063,
        "budget": 35000000,
        "revenue": 117000000,
        "director": "Jonathan Levine"
    },
    {
        "id": 529962,
        "imdb_id": "tt7772580",
        "original_language": "en",
        "original_title": "The Perfection",
        "popularity": 22.528,
        "release_date": "2018-09-20",
        "vote_average": 6.5,
        "vote_count": 1351,
        "budget": 0,
        "revenue": 0,
        "director": "Richard Shepard"
    },
    {
        "id": 15301,
        "imdb_id": "tt0086491",
        "original_language": "en",
        "original_title": "Twilight Zone: The Movie",
        "popularity": 21.171,
        "release_date": "1983-06-24",
        "vote_average": 6.5,
        "vote_count": 722,
        "budget": 10000000,
        "revenue": 29450920,
        "director": "John Landis"
    },
    {
        "id": 41446,
        "imdb_id": "tt1262416",
        "original_language": "en",
        "original_title": "Scream 4",
        "popularity": 77.243,
        "release_date": "2011-04-13",
        "vote_average": 6.455,
        "vote_count": 3753,
        "budget": 40000000,
        "revenue": 97231420,
        "director": "Wes Craven"
    },
    {
        "id": 653598,
        "imdb_id": "tt11394332",
        "original_language": "en",
        "original_title": "Spree",
        "popularity": 21.361,
        "release_date": "2020-08-14",
        "vote_average": 6.452,
        "vote_count": 441,
        "budget": 0,
        "revenue": 43840,
        "director": "Eugene Kotlyarenko"
    },
    {
        "id": 39874,
        "imdb_id": "tt0082782",
        "original_language": "en",
        "original_title": "My Bloody Valentine",
        "popularity": 15.952,
        "release_date": "1981-02-11",
        "vote_average": 6.452,
        "vote_count": 481,
        "budget": 2200000,
        "revenue": 5672031,
        "director": "George Mihalka"
    },
    {
        "id": 13465,
        "imdb_id": "tt0041094",
        "original_language": "en",
        "original_title": "The Adventures of Ichabod and Mr. Toad",
        "popularity": 20.8,
        "release_date": "1949-10-05",
        "vote_average": 6.5,
        "vote_count": 613,
        "budget": 0,
        "revenue": 0,
        "director": "James Algar"
    },
    {
        "id": 708336,
        "imdb_id": "tt11082246",
        "original_language": "en",
        "original_title": "Return of the Tooth Fairy",
        "popularity": 10.918,
        "release_date": "2020-06-15",
        "vote_average": 6.5,
        "vote_count": 851,
        "budget": 0,
        "revenue": 0,
        "director": "Louisa Warren"
    },
    {
        "id": 14254,
        "imdb_id": "tt0815245",
        "original_language": "en",
        "original_title": "The Uninvited",
        "popularity": 32.295,
        "release_date": "2009-01-30",
        "vote_average": 6.5,
        "vote_count": 1504,
        "budget": 0,
        "revenue": 41624046,
        "director": "Charles Guard"
    },
    {
        "id": 2046,
        "imdb_id": "tt0219699",
        "original_language": "en",
        "original_title": "The Gift",
        "popularity": 32.531,
        "release_date": "2000-03-16",
        "vote_average": 6.4,
        "vote_count": 1225,
        "budget": 10000000,
        "revenue": 12008642,
        "director": "Sam Raimi"
    },
    {
        "id": 429417,
        "imdb_id": "tt5516328",
        "original_language": "en",
        "original_title": "Ghost Stories",
        "popularity": 16.448,
        "release_date": "2018-01-20",
        "vote_average": 6.448,
        "vote_count": 1181,
        "budget": 0,
        "revenue": 135095,
        "director": "Andy Nyman"
    },
    {
        "id": 14001,
        "imdb_id": "tt0455760",
        "original_language": "en",
        "original_title": "Dead Silence",
        "popularity": 36.981,
        "release_date": "2007-03-16",
        "vote_average": 6.447,
        "vote_count": 2263,
        "budget": 20000000,
        "revenue": 22217407,
        "director": "James Wan"
    },
    {
        "id": 27346,
        "imdb_id": "tt0081114",
        "original_language": "en",
        "original_title": "Maniac",
        "popularity": 13.619,
        "release_date": "1980-05-10",
        "vote_average": 6.4,
        "vote_count": 441,
        "budget": 350000,
        "revenue": 10000000,
        "director": "William Lustig"
    },
    {
        "id": 625568,
        "imdb_id": "tt10059518",
        "original_language": "en",
        "original_title": "Unhinged",
        "popularity": 29.344,
        "release_date": "2020-07-16",
        "vote_average": 6.442,
        "vote_count": 2294,
        "budget": 33000000,
        "revenue": 39238300,
        "director": "Derrick Borte"
    },
    {
        "id": 10961,
        "imdb_id": "tt0437857",
        "original_language": "en",
        "original_title": "Behind the Mask: The Rise of Leslie Vernon",
        "popularity": 12.62,
        "release_date": "2006-08-29",
        "vote_average": 6.4,
        "vote_count": 450,
        "budget": 0,
        "revenue": 69136,
        "director": "Scott Glosserman"
    },
    {
        "id": 621151,
        "imdb_id": "tt10736580",
        "original_language": "en",
        "original_title": "Spell",
        "popularity": 21.639,
        "release_date": "2020-10-30",
        "vote_average": 6.442,
        "vote_count": 394,
        "budget": 0,
        "revenue": 500104,
        "director": "Mark Tonderai"
    },
    {
        "id": 395992,
        "imdb_id": "tt5442430",
        "original_language": "en",
        "original_title": "Life",
        "popularity": 59.892,
        "release_date": "2017-03-22",
        "vote_average": 6.442,
        "vote_count": 7380,
        "budget": 58000000,
        "revenue": 100541806,
        "director": "Daniel Espinosa"
    },
    {
        "id": 10288,
        "imdb_id": "tt0457572",
        "original_language": "en",
        "original_title": "Fido",
        "popularity": 12.034,
        "release_date": "2006-09-07",
        "vote_average": 6.44,
        "vote_count": 447,
        "budget": 8000000,
        "revenue": 426224,
        "director": "Andrew Currie"
    },
    {
        "id": 610253,
        "imdb_id": "tt10665338",
        "original_language": "en",
        "original_title": "Halloween Kills",
        "popularity": 36.791,
        "release_date": "2021-10-14",
        "vote_average": 6.439,
        "vote_count": 2689,
        "budget": 20000000,
        "revenue": 133423964,
        "director": "David Gordon Green"
    }
]