[
    {
        "id": 311539,
        "imdb_id": "tt3688406",
        "original_language": "en",
        "original_title": "A Christmas Horror Story",
        "popularity": 12.106,
        "release_date": "2015-07-20",
        "vote_average": 5.758,
        "vote_count": 337,
        "budget": 0,
        "revenue": 0,
        "director": "Steven Hoban"
    },
    {
        "id": 159128,
        "imdb_id": "tt2309021",
        "original_language": "en",
        "original_title": "We Are What We Are",
        "popularity": 13.986,
        "release_date": "2013-09-27",
        "vote_average": 5.757,
        "vote_count": 552,
        "budget": 0,
        "revenue": 81381,
        "director": "Jim Mickle"
    },
    {
        "id": 123105,
        "imdb_id": "tt1713476",
        "original_language": "en",
        "original_title": "The Bay",
        "popularity": 16.292,
        "release_date": "2012-09-13",
        "vote_average": 5.8,
        "vote_count": 762,
        "budget": 2000000,
        "revenue": 1581252,
        "director": "Barry Levinson"
    },
    {
        "id": 1683,
        "imdb_id": "tt0444682",
        "original_language": "en",
        "original_title": "The Reaping",
        "popularity": 36.944,
        "release_date": "2007-04-05",
        "vote_average": 5.753,
        "vote_count": 822,
        "budget": 40000000,
        "revenue": 62771059,
        "director": "Stephen Hopkins"
    },
    {
        "id": 306964,
        "imdb_id": "tt4163020",
        "original_language": "en",
        "original_title": "Tales of Halloween",
        "popularity": 12.062,
        "release_date": "2015-10-16",
        "vote_average": 5.749,
        "vote_count": 496,
        "budget": 0,
        "revenue": 416792,
        "director": "Darren Lynn Bousman"
    },
    {
        "id": 46221,
        "imdb_id": "tt1735485",
        "original_language": "en",
        "original_title": "The Tunnel",
        "popularity": 10.85,
        "release_date": "2011-05-19",
        "vote_average": 5.7,
        "vote_count": 375,
        "budget": 135000,
        "revenue": 0,
        "director": "Carlo Ledesma"
    },
    {
        "id": 72331,
        "imdb_id": "tt1611224",
        "original_language": "en",
        "original_title": "Abraham Lincoln: Vampire Hunter",
        "popularity": 31.74,
        "release_date": "2012-06-20",
        "vote_average": 5.7,
        "vote_count": 3333,
        "budget": 69000000,
        "revenue": 116500000,
        "director": "Timur Bekmambetov"
    },
    {
        "id": 9616,
        "imdb_id": "tt0304711",
        "original_language": "en",
        "original_title": "The Order",
        "popularity": 19.336,
        "release_date": "2003-09-05",
        "vote_average": 5.7,
        "vote_count": 355,
        "budget": 35000000,
        "revenue": 11600000,
        "director": "Brian Helgeland"
    },
    {
        "id": 13812,
        "imdb_id": "tt1082868",
        "original_language": "en",
        "original_title": "Quarantine",
        "popularity": 27.736,
        "release_date": "2008-10-10",
        "vote_average": 5.7,
        "vote_count": 1244,
        "budget": 12000000,
        "revenue": 40855419,
        "director": "John Erick Dowdle"
    },
    {
        "id": 13207,
        "imdb_id": "tt0758746",
        "original_language": "en",
        "original_title": "Friday the 13th",
        "popularity": 28.026,
        "release_date": "2009-02-11",
        "vote_average": 5.747,
        "vote_count": 2618,
        "budget": 19000000,
        "revenue": 91509154,
        "director": "Marcus Nispel"
    },
    {
        "id": 9424,
        "imdb_id": "tt0134619",
        "original_language": "en",
        "original_title": "Disturbing Behavior",
        "popularity": 22.653,
        "release_date": "1998-07-24",
        "vote_average": 5.7,
        "vote_count": 371,
        "budget": 15000000,
        "revenue": 17514980,
        "director": "David Nutter"
    },
    {
        "id": 10053,
        "imdb_id": "tt0455857",
        "original_language": "en",
        "original_title": "When a Stranger Calls",
        "popularity": 22.691,
        "release_date": "2006-02-03",
        "vote_average": 5.7,
        "vote_count": 1042,
        "budget": 15000000,
        "revenue": 67062123,
        "director": "Simon West"
    },
    {
        "id": 265010,
        "imdb_id": "tt2517658",
        "original_language": "en",
        "original_title": "The Canal",
        "popularity": 12.94,
        "release_date": "2014-10-10",
        "vote_average": 5.74,
        "vote_count": 417,
        "budget": 0,
        "revenue": 0,
        "director": "Ivan Kavanagh"
    },
    {
        "id": 10320,
        "imdb_id": "tt0377109",
        "original_language": "en",
        "original_title": "The Ring Two",
        "popularity": 31.114,
        "release_date": "2005-03-10",
        "vote_average": 5.737,
        "vote_count": 2272,
        "budget": 50000000,
        "revenue": 161451538,
        "director": "Hideo Nakata"
    },
    {
        "id": 157433,
        "imdb_id": "tt0837563",
        "original_language": "en",
        "original_title": "Pet Sematary",
        "popularity": 43.759,
        "release_date": "2019-04-04",
        "vote_average": 5.7,
        "vote_count": 3216,
        "budget": 21000000,
        "revenue": 113118226,
        "director": "Dennis Widmyer"
    },
    {
        "id": 492611,
        "imdb_id": "tt7510346",
        "original_language": "en",
        "original_title": "The Turning",
        "popularity": 19.701,
        "release_date": "2020-01-23",
        "vote_average": 5.7,
        "vote_count": 977,
        "budget": 14000000,
        "revenue": 19428166,
        "director": "Floria Sigismondi"
    },
    {
        "id": 9966,
        "imdb_id": "tt0425430",
        "original_language": "en",
        "original_title": "The Messengers",
        "popularity": 21.526,
        "release_date": "2007-02-02",
        "vote_average": 5.7,
        "vote_count": 806,
        "budget": 16000000,
        "revenue": 55060212,
        "director": "Danny Pang Fat"
    },
    {
        "id": 14098,
        "imdb_id": "tt0899128",
        "original_language": "en",
        "original_title": "100 Feet",
        "popularity": 18.897,
        "release_date": "2008-07-22",
        "vote_average": 5.7,
        "vote_count": 313,
        "budget": 10000000,
        "revenue": 1415804,
        "director": "Eric Red"
    },
    {
        "id": 287084,
        "imdb_id": "tt2561546",
        "original_language": "en",
        "original_title": "The Town that Dreaded Sundown",
        "popularity": 11.061,
        "release_date": "2014-10-16",
        "vote_average": 5.726,
        "vote_count": 461,
        "budget": 0,
        "revenue": 0,
        "director": "Alfonso Gomez-Rejon"
    },
    {
        "id": 276488,
        "imdb_id": "tt3148348",
        "original_language": "en",
        "original_title": "Let Us Prey",
        "popularity": 10.265,
        "release_date": "2014-04-17",
        "vote_average": 5.726,
        "vote_count": 323,
        "budget": 0,
        "revenue": 0,
        "director": "Brian O'Malley"
    },
    {
        "id": 10823,
        "imdb_id": "tt0087050",
        "original_language": "en",
        "original_title": "Children of the Corn",
        "popularity": 24.595,
        "release_date": "1984-03-09",
        "vote_average": 5.7,
        "vote_count": 1003,
        "budget": 800000,
        "revenue": 14568989,
        "director": "Fritz Kiersch"
    },
    {
        "id": 631060,
        "imdb_id": "tt10962368",
        "original_language": "en",
        "original_title": "Things Heard & Seen",
        "popularity": 11.051,
        "release_date": "2021-04-29",
        "vote_average": 5.721,
        "vote_count": 965,
        "budget": 0,
        "revenue": 0,
        "director": "Robert Pulcini"
    },
    {
        "id": 469916,
        "imdb_id": "tt6138228",
        "original_language": "en",
        "original_title": "Downrange",
        "popularity": 10.492,
        "release_date": "2018-05-25",
        "vote_average": 5.717,
        "vote_count": 309,
        "budget": 0,
        "revenue": 0,
        "director": "Ry\u00fbhei Kitamura"
    },
    {
        "id": 71672,
        "imdb_id": "tt1865567",
        "original_language": "en",
        "original_title": "Wrong Turn 4: Bloody Beginnings",
        "popularity": 40.389,
        "release_date": "2011-10-17",
        "vote_average": 5.7,
        "vote_count": 1097,
        "budget": 3000000,
        "revenue": 0,
        "director": "Declan O'Brien"
    },
    {
        "id": 171424,
        "imdb_id": "tt2403021",
        "original_language": "en",
        "original_title": "The Green Inferno",
        "popularity": 19.709,
        "release_date": "2013-09-08",
        "vote_average": 5.708,
        "vote_count": 1443,
        "budget": 5000000,
        "revenue": 12666449,
        "director": "Eli Roth"
    },
    {
        "id": 36599,
        "imdb_id": "tt0081383",
        "original_language": "en",
        "original_title": "Prom Night",
        "popularity": 16.911,
        "release_date": "1980-07-18",
        "vote_average": 5.706,
        "vote_count": 432,
        "budget": 1500000,
        "revenue": 14796236,
        "director": "Paul Lynch"
    },
    {
        "id": 748853,
        "imdb_id": "tt13429362",
        "original_language": "en",
        "original_title": "In the Earth",
        "popularity": 12.118,
        "release_date": "2021-04-16",
        "vote_average": 5.7,
        "vote_count": 354,
        "budget": 0,
        "revenue": 0,
        "director": "Ben Wheatley"
    },
    {
        "id": 312831,
        "imdb_id": "tt2474976",
        "original_language": "en",
        "original_title": "The Hallow",
        "popularity": 13.788,
        "release_date": "2015-11-06",
        "vote_average": 5.701,
        "vote_count": 632,
        "budget": 0,
        "revenue": 0,
        "director": "Corin Hardy"
    },
    {
        "id": 960258,
        "imdb_id": "tt12550376",
        "original_language": "en",
        "original_title": "Shark Bait",
        "popularity": 21.636,
        "release_date": "2022-05-13",
        "vote_average": 5.7,
        "vote_count": 328,
        "budget": 0,
        "revenue": 0,
        "director": "James Nunn"
    },
    {
        "id": 485811,
        "imdb_id": "tt2034176",
        "original_language": "en",
        "original_title": "Redcon-1",
        "popularity": 24.052,
        "release_date": "2018-09-07",
        "vote_average": 5.7,
        "vote_count": 310,
        "budget": 0,
        "revenue": 0,
        "director": "Chee Keong Cheung"
    },
    {
        "id": 514277,
        "imdb_id": "tt1773753",
        "original_language": "en",
        "original_title": "Mara",
        "popularity": 14.286,
        "release_date": "2018-08-22",
        "vote_average": 5.7,
        "vote_count": 387,
        "budget": 5000000,
        "revenue": 661769,
        "director": "Clive Tonge"
    },
    {
        "id": 12192,
        "imdb_id": "tt0964539",
        "original_language": "en",
        "original_title": "Pathology",
        "popularity": 16.296,
        "release_date": "2008-04-11",
        "vote_average": 5.7,
        "vote_count": 466,
        "budget": 8000000,
        "revenue": 0,
        "director": "Marc Sch\u00f6lermann"
    },
    {
        "id": 9877,
        "imdb_id": "tt0146336",
        "original_language": "en",
        "original_title": "Urban Legend",
        "popularity": 28.823,
        "release_date": "1998-09-25",
        "vote_average": 5.697,
        "vote_count": 1295,
        "budget": 14000000,
        "revenue": 72527595,
        "director": "Jamie Blanks"
    },
    {
        "id": 50037,
        "imdb_id": "tt1534085",
        "original_language": "en",
        "original_title": "Beyond the Black Rainbow",
        "popularity": 10.652,
        "release_date": "2010-12-03",
        "vote_average": 5.693,
        "vote_count": 353,
        "budget": 1100000,
        "revenue": 0,
        "director": "Panos Cosmatos"
    },
    {
        "id": 480105,
        "imdb_id": "tt7329656",
        "original_language": "en",
        "original_title": "47 Meters Down: Uncaged",
        "popularity": 21.588,
        "release_date": "2019-08-15",
        "vote_average": 5.69,
        "vote_count": 1413,
        "budget": 12000000,
        "revenue": 47582563,
        "director": "Johannes Roberts"
    },
    {
        "id": 23410,
        "imdb_id": "tt1235448",
        "original_language": "en",
        "original_title": "The Thaw",
        "popularity": 22.046,
        "release_date": "2009-08-30",
        "vote_average": 5.688,
        "vote_count": 309,
        "budget": 0,
        "revenue": 0,
        "director": "Mark A. Lewis"
    },
    {
        "id": 394830,
        "imdb_id": "tt4181782",
        "original_language": "en",
        "original_title": "The Crucifixion",
        "popularity": 13.24,
        "release_date": "2017-04-27",
        "vote_average": 5.687,
        "vote_count": 489,
        "budget": 0,
        "revenue": 6554322,
        "director": "Xavier Gens"
    },
    {
        "id": 11547,
        "imdb_id": "tt0303816",
        "original_language": "en",
        "original_title": "Cabin Fever",
        "popularity": 18.646,
        "release_date": "2003-08-15",
        "vote_average": 5.684,
        "vote_count": 1299,
        "budget": 1500000,
        "revenue": 30600000,
        "director": "Eli Roth"
    },
    {
        "id": 10891,
        "imdb_id": "tt0334541",
        "original_language": "en",
        "original_title": "Tremors 4: The Legend Begins",
        "popularity": 15.74,
        "release_date": "2004-01-02",
        "vote_average": 5.684,
        "vote_count": 462,
        "budget": 5000000,
        "revenue": 0,
        "director": "S.S. Wilson"
    },
    {
        "id": 9890,
        "imdb_id": "tt0327162",
        "original_language": "en",
        "original_title": "The Stepford Wives",
        "popularity": 24.919,
        "release_date": "2004-06-10",
        "vote_average": 5.683,
        "vote_count": 1319,
        "budget": 90000000,
        "revenue": 102000000,
        "director": "Frank Oz"
    },
    {
        "id": 59115,
        "imdb_id": "tt1699231",
        "original_language": "en",
        "original_title": "Quarantine 2: Terminal",
        "popularity": 9.326,
        "release_date": "2011-06-16",
        "vote_average": 5.68,
        "vote_count": 549,
        "budget": 4000000,
        "revenue": 0,
        "director": "John Pogue"
    },
    {
        "id": 49787,
        "imdb_id": "tt1320291",
        "original_language": "en",
        "original_title": "The Reef",
        "popularity": 12.395,
        "release_date": "2010-05-15",
        "vote_average": 5.7,
        "vote_count": 552,
        "budget": 0,
        "revenue": 0,
        "director": "Andrew Traucki"
    },
    {
        "id": 371608,
        "imdb_id": "tt1285009",
        "original_language": "en",
        "original_title": "The Strangers: Prey at Night",
        "popularity": 18.322,
        "release_date": "2018-03-07",
        "vote_average": 5.7,
        "vote_count": 1378,
        "budget": 12500000,
        "revenue": 31039126,
        "director": "Johannes Roberts"
    },
    {
        "id": 38358,
        "imdb_id": "tt1320244",
        "original_language": "en",
        "original_title": "The Last Exorcism",
        "popularity": 21.587,
        "release_date": "2010-08-27",
        "vote_average": 5.676,
        "vote_count": 1019,
        "budget": 1800000,
        "revenue": 69400000,
        "director": "Daniel Stamm"
    },
    {
        "id": 541560,
        "imdb_id": "tt8426594",
        "original_language": "en",
        "original_title": "The Wind",
        "popularity": 15.663,
        "release_date": "2018-05-05",
        "vote_average": 5.674,
        "vote_count": 322,
        "budget": 0,
        "revenue": 0,
        "director": "Emma Tammi"
    },
    {
        "id": 440597,
        "imdb_id": "tt5322012",
        "original_language": "en",
        "original_title": "Wish Upon",
        "popularity": 24.772,
        "release_date": "2017-07-07",
        "vote_average": 5.674,
        "vote_count": 1372,
        "budget": 12000000,
        "revenue": 14300000,
        "director": "John R. Leonetti"
    },
    {
        "id": 114606,
        "imdb_id": "tt1362058",
        "original_language": "en",
        "original_title": "Cockneys vs Zombies",
        "popularity": 13.99,
        "release_date": "2012-08-31",
        "vote_average": 5.7,
        "vote_count": 405,
        "budget": 0,
        "revenue": 0,
        "director": "Matthias Hoene"
    },
    {
        "id": 23823,
        "imdb_id": "tt1261978",
        "original_language": "en",
        "original_title": "Wrong Turn 3: Left for Dead",
        "popularity": 60.071,
        "release_date": "2009-10-08",
        "vote_average": 5.674,
        "vote_count": 1162,
        "budget": 3000000,
        "revenue": 0,
        "director": "Declan O'Brien"
    },
    {
        "id": 167575,
        "imdb_id": "tt1870419",
        "original_language": "en",
        "original_title": "Hatchet III",
        "popularity": 14.484,
        "release_date": "2013-06-14",
        "vote_average": 5.7,
        "vote_count": 350,
        "budget": 0,
        "revenue": 0,
        "director": "BJ McDonnell"
    },
    {
        "id": 429476,
        "imdb_id": "tt1999890",
        "original_language": "en",
        "original_title": "Hell Fest",
        "popularity": 18.05,
        "release_date": "2018-09-27",
        "vote_average": 5.7,
        "vote_count": 810,
        "budget": 5500000,
        "revenue": 18160930,
        "director": "Gregory Plotkin"
    },
    {
        "id": 11569,
        "imdb_id": "tt0104409",
        "original_language": "en",
        "original_title": "Hellraiser III: Hell on Earth",
        "popularity": 22.696,
        "release_date": "1992-09-11",
        "vote_average": 5.668,
        "vote_count": 752,
        "budget": 5000000,
        "revenue": 12534961,
        "director": "Anthony Hickox"
    },
    {
        "id": 9009,
        "imdb_id": "tt0382628",
        "original_language": "en",
        "original_title": "Dark Water",
        "popularity": 17.77,
        "release_date": "2005-07-08",
        "vote_average": 5.666,
        "vote_count": 1014,
        "budget": 30000000,
        "revenue": 68357079,
        "director": "Walter Salles"
    },
    {
        "id": 480414,
        "imdb_id": "tt4913966",
        "original_language": "en",
        "original_title": "The Curse of La Llorona",
        "popularity": 41.547,
        "release_date": "2019-04-17",
        "vote_average": 5.665,
        "vote_count": 2448,
        "budget": 9000000,
        "revenue": 123233739,
        "director": "Michael Chaves"
    },
    {
        "id": 111440,
        "imdb_id": "tt2040560",
        "original_language": "en",
        "original_title": "The Pact",
        "popularity": 11.197,
        "release_date": "2012-05-25",
        "vote_average": 5.665,
        "vote_count": 476,
        "budget": 0,
        "revenue": 0,
        "director": "Nicholas McCarthy"
    },
    {
        "id": 16235,
        "imdb_id": "tt0083550",
        "original_language": "en",
        "original_title": "Amityville II: The Possession",
        "popularity": 20.946,
        "release_date": "1982-09-24",
        "vote_average": 5.7,
        "vote_count": 348,
        "budget": 5000000,
        "revenue": 12534817,
        "director": "Damiano Damiani"
    },
    {
        "id": 10344,
        "imdb_id": "tt0097368",
        "original_language": "en",
        "original_title": "The Fly II",
        "popularity": 16.476,
        "release_date": "1989-02-10",
        "vote_average": 5.7,
        "vote_count": 660,
        "budget": 16500000,
        "revenue": 38900000,
        "director": "Chris Walas"
    },
    {
        "id": 231001,
        "imdb_id": "tt2900624",
        "original_language": "en",
        "original_title": "All Hallows' Eve",
        "popularity": 33.663,
        "release_date": "2013-10-29",
        "vote_average": 5.662,
        "vote_count": 545,
        "budget": 0,
        "revenue": 0,
        "director": "Damien Leone"
    },
    {
        "id": 400710,
        "imdb_id": "tt2039338",
        "original_language": "en",
        "original_title": "Flatliners",
        "popularity": 21.905,
        "release_date": "2017-09-28",
        "vote_average": 5.659,
        "vote_count": 2269,
        "budget": 19000000,
        "revenue": 45200000,
        "director": "Niels Arden Oplev"
    },
    {
        "id": 118957,
        "imdb_id": "tt1438173",
        "original_language": "en",
        "original_title": "Bait",
        "popularity": 25.117,
        "release_date": "2012-09-05",
        "vote_average": 5.652,
        "vote_count": 748,
        "budget": 30000000,
        "revenue": 32500000,
        "director": "Kimble Rendall"
    },
    {
        "id": 827931,
        "imdb_id": "tt14857528",
        "original_language": "en",
        "original_title": "Time Cut",
        "popularity": 79.068,
        "release_date": "2024-10-29",
        "vote_average": 5.6,
        "vote_count": 401,
        "budget": 0,
        "revenue": 0,
        "director": "Hannah Macpherson"
    },
    {
        "id": 484437,
        "imdb_id": "tt6198946",
        "original_language": "en",
        "original_title": "The Hole in the Ground",
        "popularity": 11.538,
        "release_date": "2019-03-01",
        "vote_average": 5.636,
        "vote_count": 684,
        "budget": 0,
        "revenue": 3373474,
        "director": "Lee Cronin"
    },
    {
        "id": 336455,
        "imdb_id": "tt2597892",
        "original_language": "en",
        "original_title": "Viral",
        "popularity": 14.307,
        "release_date": "2016-02-18",
        "vote_average": 5.6,
        "vote_count": 515,
        "budget": 0,
        "revenue": 551760,
        "director": "Henry Joost"
    },
    {
        "id": 6171,
        "imdb_id": "tt0285531",
        "original_language": "en",
        "original_title": "Dreamcatcher",
        "popularity": 28.133,
        "release_date": "2003-03-21",
        "vote_average": 5.635,
        "vote_count": 1740,
        "budget": 68000000,
        "revenue": 81240206,
        "director": "Lawrence Kasdan"
    },
    {
        "id": 16337,
        "imdb_id": "tt0092076",
        "original_language": "en",
        "original_title": "The Texas Chainsaw Massacre 2",
        "popularity": 18.352,
        "release_date": "1986-08-22",
        "vote_average": 5.6,
        "vote_count": 885,
        "budget": 4500000,
        "revenue": 8000000,
        "director": "Tobe Hooper"
    },
    {
        "id": 12662,
        "imdb_id": "tt0091799",
        "original_language": "en",
        "original_title": "Psycho III",
        "popularity": 17.198,
        "release_date": "1986-04-02",
        "vote_average": 5.626,
        "vote_count": 382,
        "budget": 8400000,
        "revenue": 14481606,
        "director": "Anthony Perkins"
    },
    {
        "id": 475220,
        "imdb_id": "tt7464188",
        "original_language": "en",
        "original_title": "In Fabric",
        "popularity": 14.645,
        "release_date": "2018-12-06",
        "vote_average": 5.629,
        "vote_count": 319,
        "budget": 0,
        "revenue": 0,
        "director": "Peter Strickland"
    },
    {
        "id": 11056,
        "imdb_id": "tt0273517",
        "original_language": "en",
        "original_title": "Darkness",
        "popularity": 14.075,
        "release_date": "2002-10-11",
        "vote_average": 5.624,
        "vote_count": 392,
        "budget": 10600000,
        "revenue": 33988736,
        "director": "Jaume Balaguer\u00f3"
    },
    {
        "id": 68684,
        "imdb_id": "tt1701990",
        "original_language": "en",
        "original_title": "Detention",
        "popularity": 15.817,
        "release_date": "2012-04-06",
        "vote_average": 5.623,
        "vote_count": 370,
        "budget": 10000000,
        "revenue": 0,
        "director": "Joseph Kahn"
    },
    {
        "id": 13803,
        "imdb_id": "tt0476958",
        "original_language": "en",
        "original_title": "Amusement",
        "popularity": 17.643,
        "release_date": "2008-10-09",
        "vote_average": 5.619,
        "vote_count": 352,
        "budget": 6000000,
        "revenue": 170255,
        "director": "John Simpson"
    },
    {
        "id": 659986,
        "imdb_id": "tt9806370",
        "original_language": "en",
        "original_title": "The Owners",
        "popularity": 13.615,
        "release_date": "2020-08-27",
        "vote_average": 5.618,
        "vote_count": 390,
        "budget": 0,
        "revenue": 225374,
        "director": "Julius Berg"
    },
    {
        "id": 384521,
        "imdb_id": "tt2548396",
        "original_language": "en",
        "original_title": "The Cloverfield Paradox",
        "popularity": 24.345,
        "release_date": "2018-02-04",
        "vote_average": 5.616,
        "vote_count": 3269,
        "budget": 45000000,
        "revenue": 0,
        "director": "Julius Onah"
    },
    {
        "id": 806,
        "imdb_id": "tt0466909",
        "original_language": "en",
        "original_title": "The Omen",
        "popularity": 35.075,
        "release_date": "2006-06-06",
        "vote_average": 5.6,
        "vote_count": 1074,
        "budget": 25000000,
        "revenue": 119975084,
        "director": "John Moore"
    },
    {
        "id": 830764,
        "imdb_id": "tt14145436",
        "original_language": "en",
        "original_title": "Pet Sematary: Bloodlines",
        "popularity": 27.595,
        "release_date": "2023-09-23",
        "vote_average": 5.613,
        "vote_count": 360,
        "budget": 0,
        "revenue": 0,
        "director": "Lindsey Anderson Beer"
    },
    {
        "id": 300665,
        "imdb_id": "tt2620590",
        "original_language": "en",
        "original_title": "Leatherface",
        "popularity": 31.162,
        "release_date": "2017-09-14",
        "vote_average": 5.6,
        "vote_count": 1324,
        "budget": 0,
        "revenue": 1476843,
        "director": "Alexandre Bustillo"
    },
    {
        "id": 291272,
        "imdb_id": "tt3520418",
        "original_language": "en",
        "original_title": "We Are Still Here",
        "popularity": 8.297,
        "release_date": "2015-06-05",
        "vote_average": 5.6,
        "vote_count": 476,
        "budget": 0,
        "revenue": 0,
        "director": "Ted Geoghegan"
    },
    {
        "id": 9954,
        "imdb_id": "tt0475944",
        "original_language": "en",
        "original_title": "The Covenant",
        "popularity": 36.418,
        "release_date": "2006-09-07",
        "vote_average": 5.603,
        "vote_count": 1015,
        "budget": 20000000,
        "revenue": 37597471,
        "director": "Renny Harlin"
    },
    {
        "id": 1072342,
        "imdb_id": "tt9682428",
        "original_language": "en",
        "original_title": "Night Swim",
        "popularity": 32.002,
        "release_date": "2024-01-03",
        "vote_average": 5.603,
        "vote_count": 642,
        "budget": 15000000,
        "revenue": 54768317,
        "director": "Bryce McGuire"
    },
    {
        "id": 414191,
        "imdb_id": "tt2018069",
        "original_language": "en",
        "original_title": "Our House",
        "popularity": 14.183,
        "release_date": "2018-07-27",
        "vote_average": 5.6,
        "vote_count": 332,
        "budget": 0,
        "revenue": 24039,
        "director": "Anthony Scott Burns"
    },
    {
        "id": 703745,
        "imdb_id": "tt11946300",
        "original_language": "en",
        "original_title": "Deep Blue Sea 3",
        "popularity": 15.991,
        "release_date": "2020-08-25",
        "vote_average": 5.597,
        "vote_count": 313,
        "budget": 5000000,
        "revenue": 0,
        "director": "John Pogue"
    },
    {
        "id": 434555,
        "imdb_id": "tt5734576",
        "original_language": "en",
        "original_title": "The Possession of Hannah Grace",
        "popularity": 27.734,
        "release_date": "2018-11-29",
        "vote_average": 5.6,
        "vote_count": 1346,
        "budget": 9500000,
        "revenue": 43000000,
        "director": "Diederik Van Rooijen"
    },
    {
        "id": 384798,
        "imdb_id": "tt2667380",
        "original_language": "en",
        "original_title": "Kill Command",
        "popularity": 21.911,
        "release_date": "2016-05-13",
        "vote_average": 5.6,
        "vote_count": 579,
        "budget": 0,
        "revenue": 0,
        "director": "Steven Gomez"
    },
    {
        "id": 10163,
        "imdb_id": "tt0104692",
        "original_language": "en",
        "original_title": "The Lawnmower Man",
        "popularity": 15.584,
        "release_date": "1992-03-05",
        "vote_average": 5.597,
        "vote_count": 744,
        "budget": 10000000,
        "revenue": 32100816,
        "director": "Brett Leonard"
    },
    {
        "id": 7341,
        "imdb_id": "tt0144814",
        "original_language": "en",
        "original_title": "The Rage: Carrie 2",
        "popularity": 19.402,
        "release_date": "1999-03-12",
        "vote_average": 5.6,
        "vote_count": 407,
        "budget": 21000000,
        "revenue": 17762705,
        "director": "Katt Shea"
    },
    {
        "id": 19912,
        "imdb_id": "tt1144884",
        "original_language": "en",
        "original_title": "The Final Destination",
        "popularity": 31.675,
        "release_date": "2009-08-26",
        "vote_average": 5.592,
        "vote_count": 3282,
        "budget": 40000000,
        "revenue": 186167139,
        "director": "David R. Ellis"
    },
    {
        "id": 11804,
        "imdb_id": "tt0375210",
        "original_language": "en",
        "original_title": "White Noise",
        "popularity": 14.114,
        "release_date": "2005-01-07",
        "vote_average": 5.6,
        "vote_count": 809,
        "budget": 10000000,
        "revenue": 91196419,
        "director": "Geoffrey Sax"
    },
    {
        "id": 11377,
        "imdb_id": "tt0185371",
        "original_language": "en",
        "original_title": "House on Haunted Hill",
        "popularity": 18.505,
        "release_date": "1999-10-29",
        "vote_average": 5.6,
        "vote_count": 872,
        "budget": 37000000,
        "revenue": 40846082,
        "director": "William Malone"
    },
    {
        "id": 10727,
        "imdb_id": "tt0282209",
        "original_language": "en",
        "original_title": "Darkness Falls",
        "popularity": 21.484,
        "release_date": "2003-01-24",
        "vote_average": 5.59,
        "vote_count": 594,
        "budget": 0,
        "revenue": 0,
        "director": "Jonathan Liebesman"
    },
    {
        "id": 457943,
        "imdb_id": "tt6905696",
        "original_language": "en",
        "original_title": "Slaughterhouse Rulez",
        "popularity": 20.375,
        "release_date": "2018-10-31",
        "vote_average": 5.6,
        "vote_count": 452,
        "budget": 0,
        "revenue": 730762,
        "director": "Crispian Mills"
    },
    {
        "id": 74461,
        "imdb_id": "tt1545660",
        "original_language": "en",
        "original_title": "Knights of Badassdom",
        "popularity": 10.745,
        "release_date": "2013-01-21",
        "vote_average": 5.584,
        "vote_count": 409,
        "budget": 0,
        "revenue": 86746,
        "director": "Joe Lynch"
    },
    {
        "id": 10206,
        "imdb_id": "tt0103893",
        "original_language": "en",
        "original_title": "Buffy the Vampire Slayer",
        "popularity": 21.69,
        "release_date": "1992-07-24",
        "vote_average": 5.6,
        "vote_count": 818,
        "budget": 7000000,
        "revenue": 16624456,
        "director": "Fran Rubel Kuzui"
    },
    {
        "id": 73936,
        "imdb_id": "tt1410051",
        "original_language": "en",
        "original_title": "Retreat",
        "popularity": 12.242,
        "release_date": "2011-10-14",
        "vote_average": 5.58,
        "vote_count": 300,
        "budget": 0,
        "revenue": 4498,
        "director": "Carl Tibbetts"
    },
    {
        "id": 11811,
        "imdb_id": "tt0107387",
        "original_language": "en",
        "original_title": "Leprechaun",
        "popularity": 31.129,
        "release_date": "1993-01-08",
        "vote_average": 5.6,
        "vote_count": 777,
        "budget": 1000000,
        "revenue": 8600000,
        "director": "Mark Jones"
    },
    {
        "id": 241257,
        "imdb_id": "tt3319920",
        "original_language": "en",
        "original_title": "Regression",
        "popularity": 23.967,
        "release_date": "2015-10-01",
        "vote_average": 5.579,
        "vote_count": 1788,
        "budget": 20000000,
        "revenue": 17671101,
        "director": "Alejandro Amen\u00e1bar"
    },
    {
        "id": 101179,
        "imdb_id": "tt1838722",
        "original_language": "en",
        "original_title": "Truth or Dare",
        "popularity": 17.229,
        "release_date": "2012-08-05",
        "vote_average": 5.6,
        "vote_count": 368,
        "budget": 0,
        "revenue": 0,
        "director": "Robert Heath"
    },
    {
        "id": 456740,
        "imdb_id": "tt2274648",
        "original_language": "en",
        "original_title": "Hellboy",
        "popularity": 44.351,
        "release_date": "2019-04-10",
        "vote_average": 5.6,
        "vote_count": 3452,
        "budget": 50000000,
        "revenue": 55065289,
        "director": "Neil Marshall"
    },
    {
        "id": 346671,
        "imdb_id": "tt2937366",
        "original_language": "en",
        "original_title": "Little Evil",
        "popularity": 13.232,
        "release_date": "2017-08-08",
        "vote_average": 5.6,
        "vote_count": 922,
        "budget": 0,
        "revenue": 0,
        "director": "Eli Craig"
    },
    {
        "id": 421792,
        "imdb_id": "tt2372251",
        "original_language": "en",
        "original_title": "Down a Dark Hall",
        "popularity": 18.077,
        "release_date": "2018-08-01",
        "vote_average": 5.6,
        "vote_count": 684,
        "budget": 0,
        "revenue": 2707199,
        "director": "Rodrigo Cort\u00e9s"
    },
    {
        "id": 500916,
        "imdb_id": "tt7394816",
        "original_language": "en",
        "original_title": "Primal",
        "popularity": 25.048,
        "release_date": "2019-12-27",
        "vote_average": 5.6,
        "vote_count": 368,
        "budget": 9000000,
        "revenue": 146863,
        "director": "Nick Powell"
    },
    {
        "id": 13025,
        "imdb_id": "tt0848557",
        "original_language": "en",
        "original_title": "Diary of the Dead",
        "popularity": 12.256,
        "release_date": "2007-05-26",
        "vote_average": 5.568,
        "vote_count": 790,
        "budget": 2000000,
        "revenue": 5540941,
        "director": "George A. Romero"
    },
    {
        "id": 10375,
        "imdb_id": "tt0160184",
        "original_language": "en",
        "original_title": "D-Tox",
        "popularity": 16.504,
        "release_date": "2002-01-04",
        "vote_average": 5.565,
        "vote_count": 650,
        "budget": 55000000,
        "revenue": 6632383,
        "director": "Jim Gillespie"
    }
]