[
    {
        "id": 582913,
        "imdb_id": "tt8485364",
        "original_language": "en",
        "original_title": "The Room",
        "popularity": 17.957,
        "release_date": "2019-09-12",
        "vote_average": 6.4,
        "vote_count": 944,
        "budget": 0,
        "revenue": 44291,
        "director": "Christian Volckman"
    },
    {
        "id": 575774,
        "imdb_id": "tt8508734",
        "original_language": "en",
        "original_title": "His House",
        "popularity": 19.64,
        "release_date": "2020-01-27",
        "vote_average": 6.436,
        "vote_count": 1084,
        "budget": 0,
        "revenue": 0,
        "director": "Remi Weekes"
    },
    {
        "id": 16871,
        "imdb_id": "tt1127180",
        "original_language": "en",
        "original_title": "Drag Me to Hell",
        "popularity": 39.895,
        "release_date": "2009-05-27",
        "vote_average": 6.433,
        "vote_count": 3717,
        "budget": 30000000,
        "revenue": 90810892,
        "director": "Sam Raimi"
    },
    {
        "id": 210947,
        "imdb_id": "tt2309961",
        "original_language": "en",
        "original_title": "Afflicted",
        "popularity": 18.397,
        "release_date": "2014-04-04",
        "vote_average": 6.432,
        "vote_count": 555,
        "budget": 318000,
        "revenue": 121179,
        "director": "Clif Prowse"
    },
    {
        "id": 9792,
        "imdb_id": "tt0454841",
        "original_language": "en",
        "original_title": "The Hills Have Eyes",
        "popularity": 46.334,
        "release_date": "2006-03-10",
        "vote_average": 6.4,
        "vote_count": 3015,
        "budget": 15000000,
        "revenue": 69623713,
        "director": "Alexandre Aja"
    },
    {
        "id": 429733,
        "imdb_id": "tt4348012",
        "original_language": "en",
        "original_title": "Mayhem",
        "popularity": 15.614,
        "release_date": "2017-11-10",
        "vote_average": 6.431,
        "vote_count": 688,
        "budget": 0,
        "revenue": 0,
        "director": "Joe Lynch"
    },
    {
        "id": 306947,
        "imdb_id": "tt2400463",
        "original_language": "en",
        "original_title": "The Invitation",
        "popularity": 20.663,
        "release_date": "2016-04-08",
        "vote_average": 6.43,
        "vote_count": 2606,
        "budget": 1000000,
        "revenue": 354835,
        "director": "Karyn Kusama"
    },
    {
        "id": 11596,
        "imdb_id": "tt0111686",
        "original_language": "en",
        "original_title": "New Nightmare",
        "popularity": 22.688,
        "release_date": "1994-10-13",
        "vote_average": 6.4,
        "vote_count": 1416,
        "budget": 8000000,
        "revenue": 18090181,
        "director": "Wes Craven"
    },
    {
        "id": 6488,
        "imdb_id": "tt0099052",
        "original_language": "en",
        "original_title": "Arachnophobia",
        "popularity": 12.188,
        "release_date": "1990-07-20",
        "vote_average": 6.429,
        "vote_count": 1391,
        "budget": 31000000,
        "revenue": 53200000,
        "director": "Frank Marshall"
    },
    {
        "id": 4513,
        "imdb_id": "tt0389722",
        "original_language": "en",
        "original_title": "30 Days of Night",
        "popularity": 44.46,
        "release_date": "2007-10-17",
        "vote_average": 6.428,
        "vote_count": 2787,
        "budget": 30000000,
        "revenue": 75505973,
        "director": "David Slade"
    },
    {
        "id": 49017,
        "imdb_id": "tt0829150",
        "original_language": "en",
        "original_title": "Dracula Untold",
        "popularity": 32.586,
        "release_date": "2014-10-01",
        "vote_average": 6.427,
        "vote_count": 6098,
        "budget": 70000000,
        "revenue": 217124280,
        "director": "Gary Shore"
    },
    {
        "id": 300668,
        "imdb_id": "tt2798920",
        "original_language": "en",
        "original_title": "Annihilation",
        "popularity": 54.461,
        "release_date": "2018-02-22",
        "vote_average": 6.425,
        "vote_count": 8667,
        "budget": 40000000,
        "revenue": 43070915,
        "director": "Alex Garland"
    },
    {
        "id": 24341,
        "imdb_id": "tt0092906",
        "original_language": "en",
        "original_title": "Dolls",
        "popularity": 13.906,
        "release_date": "1986-10-27",
        "vote_average": 6.4,
        "vote_count": 326,
        "budget": 0,
        "revenue": 0,
        "director": "Stuart Gordon"
    },
    {
        "id": 10766,
        "imdb_id": "tt0077394",
        "original_language": "en",
        "original_title": "Damien: Omen II",
        "popularity": 22.771,
        "release_date": "1978-06-09",
        "vote_average": 6.4,
        "vote_count": 728,
        "budget": 6800000,
        "revenue": 26518355,
        "director": "Don Taylor"
    },
    {
        "id": 199534,
        "imdb_id": "tt2004432",
        "original_language": "en",
        "original_title": "Wolf Creek 2",
        "popularity": 20.244,
        "release_date": "2013-08-30",
        "vote_average": 6.4,
        "vote_count": 647,
        "budget": 8000000,
        "revenue": 9630444,
        "director": "Greg McLean"
    },
    {
        "id": 2655,
        "imdb_id": "tt0161081",
        "original_language": "en",
        "original_title": "What Lies Beneath",
        "popularity": 26.76,
        "release_date": "2000-07-21",
        "vote_average": 6.419,
        "vote_count": 1826,
        "budget": 100000000,
        "revenue": 291420351,
        "director": "Robert Zemeckis"
    },
    {
        "id": 10361,
        "imdb_id": "tt0353489",
        "original_language": "en",
        "original_title": "Ginger Snaps 2: Unleashed",
        "popularity": 10.171,
        "release_date": "2004-01-30",
        "vote_average": 6.415,
        "vote_count": 316,
        "budget": 0,
        "revenue": 0,
        "director": "Brett Sullivan"
    },
    {
        "id": 9064,
        "imdb_id": "tt0095294",
        "original_language": "en",
        "original_title": "Hellbound: Hellraiser II",
        "popularity": 22.826,
        "release_date": "1988-12-23",
        "vote_average": 6.414,
        "vote_count": 1115,
        "budget": 3000000,
        "revenue": 12090735,
        "director": "Tony Randel"
    },
    {
        "id": 3036,
        "imdb_id": "tt0109836",
        "original_language": "en",
        "original_title": "Mary Shelley's Frankenstein",
        "popularity": 25.06,
        "release_date": "1994-11-04",
        "vote_average": 6.4,
        "vote_count": 1222,
        "budget": 45000000,
        "revenue": 112000000,
        "director": "Kenneth Branagh"
    },
    {
        "id": 374052,
        "imdb_id": "tt3908142",
        "original_language": "en",
        "original_title": "The Love Witch",
        "popularity": 17.507,
        "release_date": "2016-11-11",
        "vote_average": 6.4,
        "vote_count": 540,
        "budget": 0,
        "revenue": 228894,
        "director": "Anna Biller"
    },
    {
        "id": 571384,
        "imdb_id": "tt8004664",
        "original_language": "en",
        "original_title": "Come Play",
        "popularity": 19.592,
        "release_date": "2020-10-28",
        "vote_average": 6.408,
        "vote_count": 679,
        "budget": 9000000,
        "revenue": 8119285,
        "director": "Jacob Chase"
    },
    {
        "id": 425972,
        "imdb_id": "tt3860916",
        "original_language": "en",
        "original_title": "Cargo",
        "popularity": 25.635,
        "release_date": "2017-10-06",
        "vote_average": 6.408,
        "vote_count": 1722,
        "budget": 0,
        "revenue": 56385,
        "director": "Yolanda Ramke"
    },
    {
        "id": 4488,
        "imdb_id": "tt0080761",
        "original_language": "en",
        "original_title": "Friday the 13th",
        "popularity": 32.378,
        "release_date": "1980-05-09",
        "vote_average": 6.407,
        "vote_count": 2971,
        "budget": 550000,
        "revenue": 59754601,
        "director": "Sean S. Cunningham"
    },
    {
        "id": 214,
        "imdb_id": "tt0489270",
        "original_language": "en",
        "original_title": "Saw III",
        "popularity": 45.201,
        "release_date": "2006-10-26",
        "vote_average": 6.407,
        "vote_count": 4553,
        "budget": 10000000,
        "revenue": 164876498,
        "director": "Darren Lynn Bousman"
    },
    {
        "id": 723419,
        "imdb_id": "tt12908110",
        "original_language": "en",
        "original_title": "Mr. Harrigan's Phone",
        "popularity": 40.152,
        "release_date": "2022-10-05",
        "vote_average": 6.406,
        "vote_count": 840,
        "budget": 0,
        "revenue": 0,
        "director": "John Lee Hancock"
    },
    {
        "id": 532408,
        "imdb_id": "tt3427252",
        "original_language": "en",
        "original_title": "The Boogeyman",
        "popularity": 29.104,
        "release_date": "2023-05-31",
        "vote_average": 6.403,
        "vote_count": 896,
        "budget": 41900000,
        "revenue": 66978229,
        "director": "Rob Savage"
    },
    {
        "id": 379862,
        "imdb_id": "tt4676890",
        "original_language": "en",
        "original_title": "Return",
        "popularity": 6.495,
        "release_date": "2015-11-28",
        "vote_average": 6.409,
        "vote_count": 872,
        "budget": 0,
        "revenue": 0,
        "director": "Jon Hyatt"
    },
    {
        "id": 716258,
        "imdb_id": "tt12298506",
        "original_language": "en",
        "original_title": "Black Box",
        "popularity": 10.597,
        "release_date": "2020-10-06",
        "vote_average": 6.401,
        "vote_count": 537,
        "budget": 0,
        "revenue": 0,
        "director": "Emmanuel Osei-Kuffour, Jr."
    },
    {
        "id": 669671,
        "imdb_id": "tt10763820",
        "original_language": "en",
        "original_title": "Night Teeth",
        "popularity": 24.634,
        "release_date": "2021-10-20",
        "vote_average": 6.4,
        "vote_count": 777,
        "budget": 21700000,
        "revenue": 0,
        "director": "Adam Randall"
    },
    {
        "id": 521029,
        "imdb_id": "tt8350360",
        "original_language": "en",
        "original_title": "Annabelle Comes Home",
        "popularity": 38.454,
        "release_date": "2019-06-26",
        "vote_average": 6.4,
        "vote_count": 3532,
        "budget": 27000000,
        "revenue": 231252591,
        "director": "Gary Dauberman"
    },
    {
        "id": 343674,
        "imdb_id": "tt3748172",
        "original_language": "en",
        "original_title": "Gerald's Game",
        "popularity": 22.275,
        "release_date": "2017-09-29",
        "vote_average": 6.393,
        "vote_count": 3652,
        "budget": 0,
        "revenue": 0,
        "director": "Mike Flanagan"
    },
    {
        "id": 1023922,
        "imdb_id": "tt22048412",
        "original_language": "en",
        "original_title": "MaXXXine",
        "popularity": 74.359,
        "release_date": "2024-07-04",
        "vote_average": 6.389,
        "vote_count": 909,
        "budget": 1000000,
        "revenue": 22057160,
        "director": "Ti West"
    },
    {
        "id": 316727,
        "imdb_id": "tt4094724",
        "original_language": "en",
        "original_title": "The Purge: Election Year",
        "popularity": 47.986,
        "release_date": "2016-06-29",
        "vote_average": 6.387,
        "vote_count": 5252,
        "budget": 10000000,
        "revenue": 118587880,
        "director": "James DeMonaco"
    },
    {
        "id": 27429,
        "imdb_id": "tt0073705",
        "original_language": "en",
        "original_title": "Shivers",
        "popularity": 14.43,
        "release_date": "1975-09-26",
        "vote_average": 6.385,
        "vote_count": 650,
        "budget": 179000,
        "revenue": 1000000,
        "director": "David Cronenberg"
    },
    {
        "id": 293970,
        "imdb_id": "tt2118624",
        "original_language": "en",
        "original_title": "The Final Girls",
        "popularity": 22.381,
        "release_date": "2015-10-09",
        "vote_average": 6.383,
        "vote_count": 1282,
        "budget": 0,
        "revenue": 0,
        "director": "Todd Strauss-Schulson"
    },
    {
        "id": 1063877,
        "imdb_id": "tt24807110",
        "original_language": "en",
        "original_title": "Don't Move",
        "popularity": 114.693,
        "release_date": "2024-10-24",
        "vote_average": 6.382,
        "vote_count": 684,
        "budget": 0,
        "revenue": 0,
        "director": "Adam Schindler"
    },
    {
        "id": 11503,
        "imdb_id": "tt0096071",
        "original_language": "en",
        "original_title": "The Serpent and the Rainbow",
        "popularity": 12.367,
        "release_date": "1988-02-05",
        "vote_average": 6.4,
        "vote_count": 507,
        "budget": 11000000,
        "revenue": 19595031,
        "director": "Wes Craven"
    },
    {
        "id": 26515,
        "imdb_id": "tt0095925",
        "original_language": "en",
        "original_title": "Pumpkinhead",
        "popularity": 15.701,
        "release_date": "1988-06-09",
        "vote_average": 6.374,
        "vote_count": 477,
        "budget": 3500000,
        "revenue": 4400000,
        "director": "Stan Winston"
    },
    {
        "id": 7131,
        "imdb_id": "tt0338526",
        "original_language": "en",
        "original_title": "Van Helsing",
        "popularity": 67.38,
        "release_date": "2004-05-03",
        "vote_average": 6.374,
        "vote_count": 6032,
        "budget": 160000000,
        "revenue": 300257475,
        "director": "Stephen Sommers"
    },
    {
        "id": 77949,
        "imdb_id": "tt1687901",
        "original_language": "en",
        "original_title": "The Awakening",
        "popularity": 20.731,
        "release_date": "2011-08-17",
        "vote_average": 6.373,
        "vote_count": 1394,
        "budget": 4798235,
        "revenue": 6879667,
        "director": "Nick Murphy"
    },
    {
        "id": 8077,
        "imdb_id": "tt0103644",
        "original_language": "en",
        "original_title": "Alien\u00b3",
        "popularity": 44.363,
        "release_date": "1992-05-22",
        "vote_average": 6.373,
        "vote_count": 5743,
        "budget": 50000000,
        "revenue": 159773545,
        "director": "David Fincher"
    },
    {
        "id": 250574,
        "imdb_id": "tt2428170",
        "original_language": "en",
        "original_title": "Creep",
        "popularity": 16.017,
        "release_date": "2014-06-23",
        "vote_average": 6.4,
        "vote_count": 1421,
        "budget": 0,
        "revenue": 0,
        "director": "Patrick Brice"
    },
    {
        "id": 134597,
        "imdb_id": "tt1748227",
        "original_language": "en",
        "original_title": "The Collection",
        "popularity": 19.259,
        "release_date": "2012-11-30",
        "vote_average": 6.364,
        "vote_count": 1021,
        "budget": 0,
        "revenue": 6842058,
        "director": "Marcus Dunstan"
    },
    {
        "id": 9902,
        "imdb_id": "tt0295700",
        "original_language": "en",
        "original_title": "Wrong Turn",
        "popularity": 58.708,
        "release_date": "2003-05-30",
        "vote_average": 6.4,
        "vote_count": 2713,
        "budget": 12600000,
        "revenue": 28650575,
        "director": "Rob Schmidt"
    },
    {
        "id": 20481,
        "imdb_id": "tt0100260",
        "original_language": "en",
        "original_title": "Nightbreed",
        "popularity": 21.039,
        "release_date": "1990-02-16",
        "vote_average": 6.362,
        "vote_count": 467,
        "budget": 11000000,
        "revenue": 8862354,
        "director": "Clive Barker"
    },
    {
        "id": 420634,
        "imdb_id": "tt4281724",
        "original_language": "en",
        "original_title": "Terrifier",
        "popularity": 80.235,
        "release_date": "2018-01-25",
        "vote_average": 6.358,
        "vote_count": 2567,
        "budget": 35000,
        "revenue": 421798,
        "director": "Damien Leone"
    },
    {
        "id": 1577,
        "imdb_id": "tt0318627",
        "original_language": "en",
        "original_title": "Resident Evil: Apocalypse",
        "popularity": 19.727,
        "release_date": "2004-09-10",
        "vote_average": 6.359,
        "vote_count": 4348,
        "budget": 45000000,
        "revenue": 129400000,
        "director": "Alexander Witt"
    },
    {
        "id": 623491,
        "imdb_id": "tt11024272",
        "original_language": "en",
        "original_title": "The Babysitter: Killer Queen",
        "popularity": 19.798,
        "release_date": "2020-09-10",
        "vote_average": 6.358,
        "vote_count": 1652,
        "budget": 0,
        "revenue": 0,
        "director": "McG"
    },
    {
        "id": 13022,
        "imdb_id": "tt0479528",
        "original_language": "en",
        "original_title": "Rogue",
        "popularity": 32.809,
        "release_date": "2007-11-08",
        "vote_average": 6.356,
        "vote_count": 691,
        "budget": 20000000,
        "revenue": 4600000,
        "director": "Greg McLean"
    },
    {
        "id": 345911,
        "imdb_id": "tt4786282",
        "original_language": "en",
        "original_title": "Lights Out",
        "popularity": 33.642,
        "release_date": "2016-07-21",
        "vote_average": 6.355,
        "vote_count": 3879,
        "budget": 4900000,
        "revenue": 149368835,
        "director": "David F. Sandberg"
    },
    {
        "id": 29437,
        "imdb_id": "tt0076590",
        "original_language": "en",
        "original_title": "Rabid",
        "popularity": 17.789,
        "release_date": "1977-04-08",
        "vote_average": 6.4,
        "vote_count": 500,
        "budget": 530000,
        "revenue": 0,
        "director": "David Cronenberg"
    },
    {
        "id": 381034,
        "imdb_id": "tt4303340",
        "original_language": "en",
        "original_title": "I Am Not a Serial Killer",
        "popularity": 12.729,
        "release_date": "2016-08-26",
        "vote_average": 6.353,
        "vote_count": 485,
        "budget": 0,
        "revenue": 0,
        "director": "Billy O'Brien"
    },
    {
        "id": 24929,
        "imdb_id": "tt0095990",
        "original_language": "en",
        "original_title": "Return of the Living Dead Part II",
        "popularity": 16.962,
        "release_date": "1988-01-15",
        "vote_average": 6.353,
        "vote_count": 621,
        "budget": 6000000,
        "revenue": 9205924,
        "director": "Ken Wiederhorn"
    },
    {
        "id": 11427,
        "imdb_id": "tt0308152",
        "original_language": "en",
        "original_title": "Dead End",
        "popularity": 16.168,
        "release_date": "2003-12-12",
        "vote_average": 6.4,
        "vote_count": 531,
        "budget": 900000,
        "revenue": 77000000,
        "director": "Jean-Baptiste Andrea"
    },
    {
        "id": 920081,
        "imdb_id": "tt16444610",
        "original_language": "en",
        "original_title": "Megaboa",
        "popularity": 24.245,
        "release_date": "2021-11-26",
        "vote_average": 6.35,
        "vote_count": 463,
        "budget": 0,
        "revenue": 0,
        "director": "Mario N. Bonassin"
    },
    {
        "id": 222461,
        "imdb_id": "tt2229511",
        "original_language": "en",
        "original_title": "Wer",
        "popularity": 14.673,
        "release_date": "2013-11-16",
        "vote_average": 6.348,
        "vote_count": 432,
        "budget": 0,
        "revenue": 0,
        "director": "William Brent Bell"
    },
    {
        "id": 18086,
        "imdb_id": "tt0097390",
        "original_language": "en",
        "original_title": "Fright Night Part 2",
        "popularity": 15.574,
        "release_date": "1988-04-07",
        "vote_average": 6.3,
        "vote_count": 391,
        "budget": 0,
        "revenue": 2983784,
        "director": "Tommy Lee Wallace"
    },
    {
        "id": 332567,
        "imdb_id": "tt4052882",
        "original_language": "en",
        "original_title": "The Shallows",
        "popularity": 41.904,
        "release_date": "2016-06-24",
        "vote_average": 6.347,
        "vote_count": 5067,
        "budget": 17000000,
        "revenue": 119100000,
        "director": "Jaume Collet-Serra"
    },
    {
        "id": 539649,
        "imdb_id": "tt7945440",
        "original_language": "en",
        "original_title": "The Lie",
        "popularity": 16.257,
        "release_date": "2018-09-13",
        "vote_average": 6.345,
        "vote_count": 721,
        "budget": 0,
        "revenue": 0,
        "director": "Veena Sud"
    },
    {
        "id": 2667,
        "imdb_id": "tt0185937",
        "original_language": "en",
        "original_title": "The Blair Witch Project",
        "popularity": 29.506,
        "release_date": "1999-07-14",
        "vote_average": 6.345,
        "vote_count": 4880,
        "budget": 60000,
        "revenue": 248639099,
        "director": "Daniel Myrick"
    },
    {
        "id": 435615,
        "imdb_id": "tt5918982",
        "original_language": "en",
        "original_title": "Possessor",
        "popularity": 24.59,
        "release_date": "2020-10-02",
        "vote_average": 6.3,
        "vote_count": 882,
        "budget": 2500000,
        "revenue": 911000,
        "director": "Brandon Cronenberg"
    },
    {
        "id": 11905,
        "imdb_id": "tt0087075",
        "original_language": "en",
        "original_title": "The Company of Wolves",
        "popularity": 14.513,
        "release_date": "1984-09-21",
        "vote_average": 6.3,
        "vote_count": 340,
        "budget": 2000000,
        "revenue": 4389334,
        "director": "Neil Jordan"
    },
    {
        "id": 1096197,
        "imdb_id": "tt16253418",
        "original_language": "en",
        "original_title": "No Way Up",
        "popularity": 83.874,
        "release_date": "2024-01-18",
        "vote_average": 6.3,
        "vote_count": 979,
        "budget": 0,
        "revenue": 0,
        "director": "Claudio F\u00e4h"
    },
    {
        "id": 509635,
        "imdb_id": "tt7711170",
        "original_language": "en",
        "original_title": "Alone",
        "popularity": 33.728,
        "release_date": "2020-09-10",
        "vote_average": 6.3,
        "vote_count": 736,
        "budget": 0,
        "revenue": 0,
        "director": "John Hyams"
    },
    {
        "id": 631843,
        "imdb_id": "tt10954652",
        "original_language": "en",
        "original_title": "Old",
        "popularity": 43.647,
        "release_date": "2021-07-21",
        "vote_average": 6.3,
        "vote_count": 4468,
        "budget": 18000000,
        "revenue": 90146510,
        "director": "M. Night Shyamalan"
    },
    {
        "id": 121606,
        "imdb_id": "tt1977895",
        "original_language": "en",
        "original_title": "Resolution",
        "popularity": 15.042,
        "release_date": "2012-04-22",
        "vote_average": 6.3,
        "vote_count": 392,
        "budget": 0,
        "revenue": 0,
        "director": "Aaron Moorhead"
    },
    {
        "id": 340837,
        "imdb_id": "tt4731136",
        "original_language": "en",
        "original_title": "A Cure for Wellness",
        "popularity": 23.928,
        "release_date": "2017-02-15",
        "vote_average": 6.3,
        "vote_count": 3844,
        "budget": 40000000,
        "revenue": 26620002,
        "director": "Gore Verbinski"
    },
    {
        "id": 759902,
        "imdb_id": "tt2226162",
        "original_language": "en",
        "original_title": "Hunter Hunter",
        "popularity": 12.808,
        "release_date": "2020-12-18",
        "vote_average": 6.328,
        "vote_count": 309,
        "budget": 0,
        "revenue": 0,
        "director": "Shawn Linden"
    },
    {
        "id": 9964,
        "imdb_id": "tt0092610",
        "original_language": "en",
        "original_title": "Bad Taste",
        "popularity": 13.543,
        "release_date": "1987-12-01",
        "vote_average": 6.326,
        "vote_count": 826,
        "budget": 150000,
        "revenue": 0,
        "director": "Peter Jackson"
    },
    {
        "id": 11096,
        "imdb_id": "tt0382077",
        "original_language": "en",
        "original_title": "Hide and Seek",
        "popularity": 22.679,
        "release_date": "2005-01-27",
        "vote_average": 6.323,
        "vote_count": 1577,
        "budget": 30000000,
        "revenue": 127369981,
        "director": "John Polson"
    },
    {
        "id": 986070,
        "imdb_id": "tt20916568",
        "original_language": "en",
        "original_title": "The Wrath of Becky",
        "popularity": 26.524,
        "release_date": "2023-05-26",
        "vote_average": 6.3,
        "vote_count": 343,
        "budget": 0,
        "revenue": 0,
        "director": "Suzanne Coote"
    },
    {
        "id": 549294,
        "imdb_id": "tt9016974",
        "original_language": "en",
        "original_title": "Synchronic",
        "popularity": 21.039,
        "release_date": "2020-10-23",
        "vote_average": 6.322,
        "vote_count": 950,
        "budget": 0,
        "revenue": 1019041,
        "director": "Aaron Moorhead"
    },
    {
        "id": 463843,
        "imdb_id": "tt6560164",
        "original_language": "en",
        "original_title": "Sweetheart",
        "popularity": 19.238,
        "release_date": "2019-01-28",
        "vote_average": 6.321,
        "vote_count": 365,
        "budget": 0,
        "revenue": 0,
        "director": "J.D. Dillard"
    },
    {
        "id": 511987,
        "imdb_id": "tt8364368",
        "original_language": "en",
        "original_title": "Crawl",
        "popularity": 32.763,
        "release_date": "2019-07-11",
        "vote_average": 6.319,
        "vote_count": 3108,
        "budget": 13500000,
        "revenue": 91500000,
        "director": "Alexandre Aja"
    },
    {
        "id": 430231,
        "imdb_id": "tt3986820",
        "original_language": "en",
        "original_title": "The Endless",
        "popularity": 21.738,
        "release_date": "2017-11-05",
        "vote_average": 6.319,
        "vote_count": 1107,
        "budget": 1000000,
        "revenue": 956425,
        "director": "Aaron Moorhead"
    },
    {
        "id": 52520,
        "imdb_id": "tt1496025",
        "original_language": "en",
        "original_title": "Underworld: Awakening",
        "popularity": 47.849,
        "release_date": "2012-01-19",
        "vote_average": 6.32,
        "vote_count": 4075,
        "budget": 70000000,
        "revenue": 160112671,
        "director": "M\u00e5ns M\u00e5rlind"
    },
    {
        "id": 11186,
        "imdb_id": "tt0099253",
        "original_language": "en",
        "original_title": "Child's Play 2",
        "popularity": 26.776,
        "release_date": "1990-11-09",
        "vote_average": 6.317,
        "vote_count": 1840,
        "budget": 13000000,
        "revenue": 35763605,
        "director": "John Lafia"
    },
    {
        "id": 298312,
        "imdb_id": "tt3567288",
        "original_language": "en",
        "original_title": "The Visit",
        "popularity": 37.414,
        "release_date": "2015-09-10",
        "vote_average": 6.3,
        "vote_count": 4758,
        "budget": 5000000,
        "revenue": 98450062,
        "director": "M. Night Shyamalan"
    },
    {
        "id": 12611,
        "imdb_id": "tt0077588",
        "original_language": "en",
        "original_title": "The Fury",
        "popularity": 21.028,
        "release_date": "1978-03-10",
        "vote_average": 6.317,
        "vote_count": 360,
        "budget": 5500000,
        "revenue": 24000000,
        "director": "Brian De Palma"
    },
    {
        "id": 715123,
        "imdb_id": "tt11242218",
        "original_language": "en",
        "original_title": "Books of Blood",
        "popularity": 10.12,
        "release_date": "2020-10-07",
        "vote_average": 6.316,
        "vote_count": 444,
        "budget": 0,
        "revenue": 0,
        "director": "Brannon Braga"
    },
    {
        "id": 257445,
        "imdb_id": "tt1051904",
        "original_language": "en",
        "original_title": "Goosebumps",
        "popularity": 60.232,
        "release_date": "2015-08-05",
        "vote_average": 6.3,
        "vote_count": 3773,
        "budget": 58000000,
        "revenue": 158261424,
        "director": "Rob Letterman"
    },
    {
        "id": 13567,
        "imdb_id": "tt0086320",
        "original_language": "en",
        "original_title": "Sleepaway Camp",
        "popularity": 18.137,
        "release_date": "1983-11-18",
        "vote_average": 6.3,
        "vote_count": 694,
        "budget": 350000,
        "revenue": 11000000,
        "director": "Robert Hiltzik"
    },
    {
        "id": 28355,
        "imdb_id": "tt0795351",
        "original_language": "en",
        "original_title": "Case 39",
        "popularity": 29.292,
        "release_date": "2009-08-13",
        "vote_average": 6.3,
        "vote_count": 2224,
        "budget": 27000000,
        "revenue": 29000000,
        "director": "Christian Alvart"
    },
    {
        "id": 115210,
        "imdb_id": "tt2126362",
        "original_language": "en",
        "original_title": "Stitches",
        "popularity": 17.511,
        "release_date": "2012-10-05",
        "vote_average": 6.31,
        "vote_count": 416,
        "budget": 100000,
        "revenue": 95000,
        "director": "Conor McMahon"
    },
    {
        "id": 75761,
        "imdb_id": "tt1783732",
        "original_language": "en",
        "original_title": "John Dies at the End",
        "popularity": 11.002,
        "release_date": "2013-01-25",
        "vote_average": 6.308,
        "vote_count": 658,
        "budget": 1000000,
        "revenue": 142000,
        "director": "Don Coscarelli"
    },
    {
        "id": 9945,
        "imdb_id": "tt0120877",
        "original_language": "en",
        "original_title": "Vampires",
        "popularity": 31.11,
        "release_date": "1998-10-30",
        "vote_average": 6.3,
        "vote_count": 1246,
        "budget": 20000000,
        "revenue": 20308772,
        "director": "John Carpenter"
    },
    {
        "id": 7737,
        "imdb_id": "tt0432021",
        "original_language": "en",
        "original_title": "Resident Evil: Extinction",
        "popularity": 11.326,
        "release_date": "2007-09-20",
        "vote_average": 6.3,
        "vote_count": 4182,
        "budget": 45000000,
        "revenue": 148400000,
        "director": "Russell Mulcahy"
    },
    {
        "id": 512196,
        "imdb_id": "tt8155288",
        "original_language": "en",
        "original_title": "Happy Death Day 2U",
        "popularity": 19.059,
        "release_date": "2019-02-13",
        "vote_average": 6.306,
        "vote_count": 3388,
        "budget": 9000000,
        "revenue": 64600000,
        "director": "Christopher Landon"
    },
    {
        "id": 396493,
        "imdb_id": "tt3654796",
        "original_language": "en",
        "original_title": "Creep 2",
        "popularity": 11.508,
        "release_date": "2017-10-14",
        "vote_average": 6.3,
        "vote_count": 792,
        "budget": 0,
        "revenue": 0,
        "director": "Patrick Brice"
    },
    {
        "id": 207768,
        "imdb_id": "tt2537176",
        "original_language": "en",
        "original_title": "I Spit on Your Grave 2",
        "popularity": 36.499,
        "release_date": "2013-08-25",
        "vote_average": 6.305,
        "vote_count": 1292,
        "budget": 0,
        "revenue": 678604,
        "director": "Steven R. Monroe"
    },
    {
        "id": 145135,
        "imdb_id": "tt2387433",
        "original_language": "en",
        "original_title": "Dark Skies",
        "popularity": 18.314,
        "release_date": "2013-02-21",
        "vote_average": 6.305,
        "vote_count": 1779,
        "budget": 3500000,
        "revenue": 25174316,
        "director": "Scott Stewart"
    },
    {
        "id": 323373,
        "imdb_id": "tt3705412",
        "original_language": "en",
        "original_title": "Deathgasm",
        "popularity": 12.871,
        "release_date": "2015-08-28",
        "vote_average": 6.304,
        "vote_count": 591,
        "budget": 0,
        "revenue": 0,
        "director": "Jason Lei Howden"
    },
    {
        "id": 11495,
        "imdb_id": "tt0087262",
        "original_language": "en",
        "original_title": "Firestarter",
        "popularity": 16.936,
        "release_date": "1984-05-11",
        "vote_average": 6.302,
        "vote_count": 693,
        "budget": 15000000,
        "revenue": 17080167,
        "director": "Mark L. Lester"
    },
    {
        "id": 993784,
        "imdb_id": "tt21188080",
        "original_language": "en",
        "original_title": "Lisa Frankenstein",
        "popularity": 29.117,
        "release_date": "2024-02-07",
        "vote_average": 6.3,
        "vote_count": 396,
        "budget": 13400000,
        "revenue": 9927714,
        "director": "Zelda Williams"
    },
    {
        "id": 29787,
        "imdb_id": "tt0095652",
        "original_language": "en",
        "original_title": "Monkey Shines",
        "popularity": 16.73,
        "release_date": "1988-07-29",
        "vote_average": 6.3,
        "vote_count": 313,
        "budget": 7000000,
        "revenue": 5344577,
        "director": "George A. Romero"
    },
    {
        "id": 15239,
        "imdb_id": "tt0090190",
        "original_language": "en",
        "original_title": "The Toxic Avenger",
        "popularity": 12.296,
        "release_date": "1984-05-15",
        "vote_average": 6.3,
        "vote_count": 556,
        "budget": 500000,
        "revenue": 800000,
        "director": "Lloyd Kaufman"
    },
    {
        "id": 9605,
        "imdb_id": "tt0105414",
        "original_language": "en",
        "original_title": "Single White Female",
        "popularity": 15.895,
        "release_date": "1992-08-14",
        "vote_average": 6.3,
        "vote_count": 611,
        "budget": 16000000,
        "revenue": 48017402,
        "director": "Barbet Schroeder"
    },
    {
        "id": 11449,
        "imdb_id": "tt0078767",
        "original_language": "en",
        "original_title": "The Amityville Horror",
        "popularity": 22.551,
        "release_date": "1979-07-27",
        "vote_average": 6.3,
        "vote_count": 921,
        "budget": 4700000,
        "revenue": 86432000,
        "director": "Stuart Rosenberg"
    },
    {
        "id": 36419,
        "imdb_id": "tt0838247",
        "original_language": "en",
        "original_title": "After.Life",
        "popularity": 34.265,
        "release_date": "2009-11-07",
        "vote_average": 6.296,
        "vote_count": 1124,
        "budget": 4500000,
        "revenue": 3606395,
        "director": "Agnieszka Wojtowicz-Vosloo"
    },
    {
        "id": 27813,
        "imdb_id": "tt0083624",
        "original_language": "en",
        "original_title": "Basket Case",
        "popularity": 14.195,
        "release_date": "1982-04-02",
        "vote_average": 6.288,
        "vote_count": 416,
        "budget": 35000,
        "revenue": 0,
        "director": "Frank Henenlotter"
    }
]