[
    {
        "id": 463602,
        "imdb_id": "tt5181852",
        "original_language": "en",
        "original_title": "Slumber",
        "popularity": 19.215,
        "release_date": "2017-12-01",
        "vote_average": 5.3,
        "vote_count": 339,
        "budget": 0,
        "revenue": 0,
        "director": "Jonathan Hopkins"
    },
    {
        "id": 203835,
        "imdb_id": "tt1935897",
        "original_language": "en",
        "original_title": "Amityville: The Awakening",
        "popularity": 14.797,
        "release_date": "2017-06-30",
        "vote_average": 5.3,
        "vote_count": 1023,
        "budget": 12000000,
        "revenue": 8481997,
        "director": "Franck Khalfoun"
    },
    {
        "id": 11361,
        "imdb_id": "tt0097474",
        "original_language": "en",
        "original_title": "Halloween 5: The Revenge of Michael Myers",
        "popularity": 13.709,
        "release_date": "1989-10-12",
        "vote_average": 5.323,
        "vote_count": 1206,
        "budget": 3000000,
        "revenue": 11642254,
        "director": "Dominique Othenin-Girard"
    },
    {
        "id": 234212,
        "imdb_id": "tt1841642",
        "original_language": "en",
        "original_title": "Demonic",
        "popularity": 16.558,
        "release_date": "2015-02-12",
        "vote_average": 5.3,
        "vote_count": 488,
        "budget": 3000000,
        "revenue": 3387000,
        "director": "Will Canon"
    },
    {
        "id": 43552,
        "imdb_id": "tt1452628",
        "original_language": "en",
        "original_title": "Vanishing on 7th Street",
        "popularity": 14.39,
        "release_date": "2010-09-11",
        "vote_average": 5.318,
        "vote_count": 576,
        "budget": 10000000,
        "revenue": 1671196,
        "director": "Brad Anderson"
    },
    {
        "id": 282813,
        "imdb_id": "tt2799166",
        "original_language": "en",
        "original_title": "The Pyramid",
        "popularity": 20.234,
        "release_date": "2014-12-04",
        "vote_average": 5.3,
        "vote_count": 1062,
        "budget": 6500000,
        "revenue": 16861137,
        "director": "Gr\u00e9gory Levasseur"
    },
    {
        "id": 157544,
        "imdb_id": "tt1524575",
        "original_language": "en",
        "original_title": "The Vatican Tapes",
        "popularity": 20.793,
        "release_date": "2015-07-23",
        "vote_average": 5.316,
        "vote_count": 751,
        "budget": 13000000,
        "revenue": 1784763,
        "director": "Mark Neveldine"
    },
    {
        "id": 78383,
        "imdb_id": "tt1913166",
        "original_language": "en",
        "original_title": "Nurse 3-D",
        "popularity": 123.164,
        "release_date": "2013-09-28",
        "vote_average": 5.3,
        "vote_count": 461,
        "budget": 10000000,
        "revenue": 0,
        "director": "Douglas Aarniokoski"
    },
    {
        "id": 433244,
        "imdb_id": "tt5577742",
        "original_language": "en",
        "original_title": "Clinical",
        "popularity": 11.0,
        "release_date": "2017-01-13",
        "vote_average": 5.3,
        "vote_count": 407,
        "budget": 0,
        "revenue": 0,
        "director": "Alistair Legrand"
    },
    {
        "id": 50357,
        "imdb_id": "tt1772240",
        "original_language": "en",
        "original_title": "Apollo 18",
        "popularity": 17.311,
        "release_date": "2011-07-20",
        "vote_average": 5.3,
        "vote_count": 993,
        "budget": 5000000,
        "revenue": 25562924,
        "director": "Gonzalo L\u00f3pez-Gallego"
    },
    {
        "id": 25018,
        "imdb_id": "tt0099994",
        "original_language": "en",
        "original_title": "Leatherface: The Texas Chainsaw Massacre III",
        "popularity": 19.115,
        "release_date": "1990-01-12",
        "vote_average": 5.3,
        "vote_count": 559,
        "budget": 2000000,
        "revenue": 55800000,
        "director": "Jeff Burr"
    },
    {
        "id": 226140,
        "imdb_id": "tt3106120",
        "original_language": "en",
        "original_title": "See No Evil 2",
        "popularity": 15.032,
        "release_date": "2014-10-21",
        "vote_average": 5.306,
        "vote_count": 304,
        "budget": 0,
        "revenue": 0,
        "director": "Jen Soska"
    },
    {
        "id": 12702,
        "imdb_id": "tt0101627",
        "original_language": "en",
        "original_title": "Critters 3",
        "popularity": 17.173,
        "release_date": "1991-12-11",
        "vote_average": 5.3,
        "vote_count": 408,
        "budget": 0,
        "revenue": 0,
        "director": "Kristine Peterson"
    },
    {
        "id": 11284,
        "imdb_id": "tt0101917",
        "original_language": "en",
        "original_title": "Freddy's Dead: The Final Nightmare",
        "popularity": 28.839,
        "release_date": "1991-09-05",
        "vote_average": 5.3,
        "vote_count": 1341,
        "budget": 10000000,
        "revenue": 34872033,
        "director": "Rachel Talalay"
    },
    {
        "id": 71469,
        "imdb_id": "tt1093357",
        "original_language": "en",
        "original_title": "The Darkest Hour",
        "popularity": 30.294,
        "release_date": "2011-12-22",
        "vote_average": 5.301,
        "vote_count": 1473,
        "budget": 30000000,
        "revenue": 64626786,
        "director": "Chris Gorak"
    },
    {
        "id": 23966,
        "imdb_id": "tt0896534",
        "original_language": "en",
        "original_title": "Deadgirl",
        "popularity": 15.026,
        "release_date": "2008-09-06",
        "vote_average": 5.299,
        "vote_count": 346,
        "budget": 0,
        "revenue": 0,
        "director": "Marcel Sarmiento"
    },
    {
        "id": 146301,
        "imdb_id": "tt2473510",
        "original_language": "en",
        "original_title": "Paranormal Activity: The Ghost Dimension",
        "popularity": 27.993,
        "release_date": "2015-10-21",
        "vote_average": 5.295,
        "vote_count": 1373,
        "budget": 10000000,
        "revenue": 78903124,
        "director": "Gregory Plotkin"
    },
    {
        "id": 525460,
        "imdb_id": "tt6829180",
        "original_language": "en",
        "original_title": "Welcome Home",
        "popularity": 12.804,
        "release_date": "2018-11-16",
        "vote_average": 5.3,
        "vote_count": 332,
        "budget": 0,
        "revenue": 0,
        "director": "George Ratliff"
    },
    {
        "id": 93856,
        "imdb_id": "tt1991245",
        "original_language": "en",
        "original_title": "Chernobyl Diaries",
        "popularity": 28.827,
        "release_date": "2012-05-24",
        "vote_average": 5.293,
        "vote_count": 1570,
        "budget": 1000000,
        "revenue": 38390020,
        "director": "Bradley Parker"
    },
    {
        "id": 37534,
        "imdb_id": "tt0951335",
        "original_language": "en",
        "original_title": "The New Daughter",
        "popularity": 11.47,
        "release_date": "2009-12-18",
        "vote_average": 5.284,
        "vote_count": 341,
        "budget": 0,
        "revenue": 0,
        "director": "Luiso Berdejo"
    },
    {
        "id": 8766,
        "imdb_id": "tt0116514",
        "original_language": "en",
        "original_title": "Hellraiser: Bloodline",
        "popularity": 22.447,
        "release_date": "1996-03-08",
        "vote_average": 5.3,
        "vote_count": 527,
        "budget": 4000000,
        "revenue": 16675000,
        "director": "Kevin Yagher"
    },
    {
        "id": 243940,
        "imdb_id": "tt2918436",
        "original_language": "en",
        "original_title": "The Lazarus Effect",
        "popularity": 20.451,
        "release_date": "2015-01-29",
        "vote_average": 5.3,
        "vote_count": 1415,
        "budget": 3300000,
        "revenue": 64110728,
        "director": "David Gelb"
    },
    {
        "id": 838484,
        "imdb_id": "tt11514780",
        "original_language": "en",
        "original_title": "Choose or Die",
        "popularity": 14.002,
        "release_date": "2022-04-15",
        "vote_average": 5.3,
        "vote_count": 787,
        "budget": 0,
        "revenue": 0,
        "director": "Toby Meakins"
    },
    {
        "id": 13256,
        "imdb_id": "tt0490181",
        "original_language": "en",
        "original_title": "Mutant Chronicles",
        "popularity": 12.965,
        "release_date": "2008-08-07",
        "vote_average": 5.277,
        "vote_count": 457,
        "budget": 8000000,
        "revenue": 2131057,
        "director": "Simon Hunter"
    },
    {
        "id": 295011,
        "imdb_id": "tt3458254",
        "original_language": "en",
        "original_title": "Patient Zero",
        "popularity": 23.722,
        "release_date": "2018-09-14",
        "vote_average": 5.3,
        "vote_count": 369,
        "budget": 0,
        "revenue": 0,
        "director": "Stefan Ruzowitzky"
    },
    {
        "id": 10577,
        "imdb_id": "tt0219653",
        "original_language": "en",
        "original_title": "Dracula 2000",
        "popularity": 25.941,
        "release_date": "2000-12-22",
        "vote_average": 5.3,
        "vote_count": 676,
        "budget": 28000000,
        "revenue": 47053625,
        "director": "Patrick Lussier"
    },
    {
        "id": 316154,
        "imdb_id": "tt4334266",
        "original_language": "en",
        "original_title": "The Bad Batch",
        "popularity": 14.797,
        "release_date": "2017-06-23",
        "vote_average": 5.264,
        "vote_count": 1082,
        "budget": 6000000,
        "revenue": 180851,
        "director": "Ana Lily Amirpour"
    },
    {
        "id": 9731,
        "imdb_id": "tt0089173",
        "original_language": "en",
        "original_title": "Friday the 13th: A New Beginning",
        "popularity": 28.767,
        "release_date": "1985-03-22",
        "vote_average": 5.3,
        "vote_count": 1155,
        "budget": 2200000,
        "revenue": 21930418,
        "director": "Danny Steinmann"
    },
    {
        "id": 288158,
        "imdb_id": "tt2339741",
        "original_language": "en",
        "original_title": "The Woman in Black 2: Angel of Death",
        "popularity": 13.532,
        "release_date": "2014-12-30",
        "vote_average": 5.256,
        "vote_count": 1015,
        "budget": 15000000,
        "revenue": 48854305,
        "director": "Tom Harper"
    },
    {
        "id": 18238,
        "imdb_id": "tt1020885",
        "original_language": "en",
        "original_title": "Lesbian Vampire Killers",
        "popularity": 12.431,
        "release_date": "2009-03-16",
        "vote_average": 5.253,
        "vote_count": 387,
        "budget": 0,
        "revenue": 0,
        "director": "Phil Claydon"
    },
    {
        "id": 1087822,
        "imdb_id": "tt26757462",
        "original_language": "en",
        "original_title": "Hellboy: The Crooked Man",
        "popularity": 79.948,
        "release_date": "2024-08-29",
        "vote_average": 5.2,
        "vote_count": 337,
        "budget": 0,
        "revenue": 1289658,
        "director": "Brian Taylor"
    },
    {
        "id": 329010,
        "imdb_id": "tt4503598",
        "original_language": "en",
        "original_title": "Emelie",
        "popularity": 11.555,
        "release_date": "2016-03-04",
        "vote_average": 5.243,
        "vote_count": 642,
        "budget": 0,
        "revenue": 0,
        "director": "Michael Thelin"
    },
    {
        "id": 301728,
        "imdb_id": "tt3327624",
        "original_language": "en",
        "original_title": "Infini",
        "popularity": 13.914,
        "release_date": "2015-04-11",
        "vote_average": 5.239,
        "vote_count": 353,
        "budget": 0,
        "revenue": 0,
        "director": "Shane Abbess"
    },
    {
        "id": 9711,
        "imdb_id": "tt0410650",
        "original_language": "en",
        "original_title": "Species III",
        "popularity": 23.004,
        "release_date": "2004-11-26",
        "vote_average": 5.2,
        "vote_count": 416,
        "budget": 0,
        "revenue": 0,
        "director": "Brad Turner"
    },
    {
        "id": 534072,
        "imdb_id": "tt8435002",
        "original_language": "en",
        "original_title": "Great White",
        "popularity": 16.504,
        "release_date": "2021-05-07",
        "vote_average": 5.2,
        "vote_count": 380,
        "budget": 0,
        "revenue": 517929,
        "director": "Martin Wilson"
    },
    {
        "id": 329440,
        "imdb_id": "tt3387542",
        "original_language": "en",
        "original_title": "The Forest",
        "popularity": 29.408,
        "release_date": "2016-01-07",
        "vote_average": 5.2,
        "vote_count": 1743,
        "budget": 10000000,
        "revenue": 37608299,
        "director": "Jason Zada"
    },
    {
        "id": 10306,
        "imdb_id": "tt0095889",
        "original_language": "en",
        "original_title": "Poltergeist III",
        "popularity": 13.432,
        "release_date": "1988-06-10",
        "vote_average": 5.228,
        "vote_count": 491,
        "budget": 10500000,
        "revenue": 14144000,
        "director": "Gary Sherman"
    },
    {
        "id": 210908,
        "imdb_id": "tt2527186",
        "original_language": "en",
        "original_title": "All Cheerleaders Die",
        "popularity": 11.785,
        "release_date": "2013-10-31",
        "vote_average": 5.223,
        "vote_count": 390,
        "budget": 0,
        "revenue": 0,
        "director": "Lucky McKee"
    },
    {
        "id": 560362,
        "imdb_id": "tt9257484",
        "original_language": "en",
        "original_title": "Rattlesnake",
        "popularity": 16.331,
        "release_date": "2019-10-25",
        "vote_average": 5.219,
        "vote_count": 423,
        "budget": 0,
        "revenue": 0,
        "director": "Zak Hilditch"
    },
    {
        "id": 351211,
        "imdb_id": "tt1540011",
        "original_language": "en",
        "original_title": "Blair Witch",
        "popularity": 24.812,
        "release_date": "2016-09-15",
        "vote_average": 5.2,
        "vote_count": 1910,
        "budget": 5000000,
        "revenue": 45172994,
        "director": "Adam Wingard"
    },
    {
        "id": 13613,
        "imdb_id": "tt0489018",
        "original_language": "en",
        "original_title": "Day of the Dead",
        "popularity": 14.554,
        "release_date": "2008-04-08",
        "vote_average": 5.219,
        "vote_count": 381,
        "budget": 18000000,
        "revenue": 0,
        "director": "Steve Miner"
    },
    {
        "id": 9360,
        "imdb_id": "tt0118615",
        "original_language": "en",
        "original_title": "Anaconda",
        "popularity": 58.793,
        "release_date": "1997-04-11",
        "vote_average": 5.2,
        "vote_count": 2492,
        "budget": 45000000,
        "revenue": 136885767,
        "director": "Luis Llosa"
    },
    {
        "id": 10676,
        "imdb_id": "tt0085636",
        "original_language": "en",
        "original_title": "Halloween III: Season of the Witch",
        "popularity": 21.75,
        "release_date": "1982-10-22",
        "vote_average": 5.2,
        "vote_count": 1385,
        "budget": 2500000,
        "revenue": 14400000,
        "director": "Tommy Lee Wallace"
    },
    {
        "id": 372343,
        "imdb_id": "tt1758810",
        "original_language": "en",
        "original_title": "The Snowman",
        "popularity": 24.915,
        "release_date": "2017-08-24",
        "vote_average": 5.209,
        "vote_count": 2240,
        "budget": 35000000,
        "revenue": 43203413,
        "director": "Tomas Alfredson"
    },
    {
        "id": 580630,
        "imdb_id": "tt9026184",
        "original_language": "en",
        "original_title": "Girl on the Third Floor",
        "popularity": 8.848,
        "release_date": "2019-10-25",
        "vote_average": 5.206,
        "vote_count": 308,
        "budget": 0,
        "revenue": 0,
        "director": "Travis Stevens"
    },
    {
        "id": 444149,
        "imdb_id": "tt5476182",
        "original_language": "en",
        "original_title": "Hellraiser: Judgment",
        "popularity": 29.684,
        "release_date": "2018-02-13",
        "vote_average": 5.2,
        "vote_count": 308,
        "budget": 350000,
        "revenue": 426290,
        "director": "Gary J. Tunnicliffe"
    },
    {
        "id": 243688,
        "imdb_id": "tt1029360",
        "original_language": "en",
        "original_title": "Poltergeist",
        "popularity": 38.576,
        "release_date": "2015-05-20",
        "vote_average": 5.2,
        "vote_count": 2273,
        "budget": 35000000,
        "revenue": 95437994,
        "director": "Gil Kenan"
    },
    {
        "id": 11217,
        "imdb_id": "tt0331953",
        "original_language": "en",
        "original_title": "Club Dread",
        "popularity": 15.047,
        "release_date": "2004-02-27",
        "vote_average": 5.204,
        "vote_count": 365,
        "budget": 8500000,
        "revenue": 5001655,
        "director": "Jay Chandrasekhar"
    },
    {
        "id": 632727,
        "imdb_id": "tt11755740",
        "original_language": "en",
        "original_title": "Texas Chainsaw Massacre",
        "popularity": 27.397,
        "release_date": "2022-02-18",
        "vote_average": 5.2,
        "vote_count": 1466,
        "budget": 20000000,
        "revenue": 0,
        "director": "David Blue Garcia"
    },
    {
        "id": 440,
        "imdb_id": "tt0758730",
        "original_language": "en",
        "original_title": "Aliens vs Predator: Requiem",
        "popularity": 62.065,
        "release_date": "2007-12-25",
        "vote_average": 5.2,
        "vote_count": 2951,
        "budget": 40000000,
        "revenue": 130290885,
        "director": "Colin Strause"
    },
    {
        "id": 320048,
        "imdb_id": "tt3836512",
        "original_language": "en",
        "original_title": "Ratter",
        "popularity": 16.231,
        "release_date": "2015-01-24",
        "vote_average": 5.2,
        "vote_count": 320,
        "budget": 500000,
        "revenue": 110834,
        "director": "Branden Kramer"
    },
    {
        "id": 13788,
        "imdb_id": "tt1139668",
        "original_language": "en",
        "original_title": "The Unborn",
        "popularity": 33.968,
        "release_date": "2009-01-09",
        "vote_average": 5.169,
        "vote_count": 1353,
        "budget": 16000000,
        "revenue": 76514050,
        "director": "David S. Goyer"
    },
    {
        "id": 139455,
        "imdb_id": "tt2347497",
        "original_language": "en",
        "original_title": "Silent Night",
        "popularity": 14.064,
        "release_date": "2012-11-30",
        "vote_average": 5.2,
        "vote_count": 302,
        "budget": 5000000,
        "revenue": 130781,
        "director": "Steven C. Miller"
    },
    {
        "id": 292280,
        "imdb_id": "tt4030600",
        "original_language": "en",
        "original_title": "The Bye Bye Man",
        "popularity": 15.074,
        "release_date": "2017-01-12",
        "vote_average": 5.2,
        "vote_count": 1227,
        "budget": 7400000,
        "revenue": 26700000,
        "director": "Stacy Title"
    },
    {
        "id": 522444,
        "imdb_id": "tt7978672",
        "original_language": "en",
        "original_title": "Black Water: Abyss",
        "popularity": 23.716,
        "release_date": "2020-07-09",
        "vote_average": 5.161,
        "vote_count": 432,
        "budget": 0,
        "revenue": 1117982,
        "director": "Andrew Traucki"
    },
    {
        "id": 10987,
        "imdb_id": "tt0113253",
        "original_language": "en",
        "original_title": "Halloween: The Curse of Michael Myers",
        "popularity": 20.854,
        "release_date": "1995-09-29",
        "vote_average": 5.159,
        "vote_count": 1117,
        "budget": 5000000,
        "revenue": 15116634,
        "director": "Joe Chappelle"
    },
    {
        "id": 10216,
        "imdb_id": "tt0120841",
        "original_language": "en",
        "original_title": "Species II",
        "popularity": 27.176,
        "release_date": "1998-04-10",
        "vote_average": 5.156,
        "vote_count": 713,
        "budget": 35000000,
        "revenue": 19200000,
        "director": "Peter Medak"
    },
    {
        "id": 185460,
        "imdb_id": "tt2885364",
        "original_language": "en",
        "original_title": "Willow Creek",
        "popularity": 14.655,
        "release_date": "2013-05-02",
        "vote_average": 5.2,
        "vote_count": 304,
        "budget": 0,
        "revenue": 0,
        "director": "Bobcat Goldthwait"
    },
    {
        "id": 9656,
        "imdb_id": "tt0454082",
        "original_language": "en",
        "original_title": "Black Christmas",
        "popularity": 23.307,
        "release_date": "2006-12-15",
        "vote_average": 5.2,
        "vote_count": 559,
        "budget": 9000000,
        "revenue": 21510851,
        "director": "Glen Morgan"
    },
    {
        "id": 8814,
        "imdb_id": "tt0419706",
        "original_language": "en",
        "original_title": "Doom",
        "popularity": 41.176,
        "release_date": "2005-10-20",
        "vote_average": 5.2,
        "vote_count": 2243,
        "budget": 60000000,
        "revenue": 58100000,
        "director": "Andrzej Bartkowiak"
    },
    {
        "id": 293771,
        "imdb_id": "tt3816458",
        "original_language": "en",
        "original_title": "Dead Rising",
        "popularity": 11.947,
        "release_date": "2015-03-27",
        "vote_average": 5.144,
        "vote_count": 353,
        "budget": 0,
        "revenue": 0,
        "director": "Zach Lipovsky"
    },
    {
        "id": 242512,
        "imdb_id": "tt1204977",
        "original_language": "en",
        "original_title": "Ouija",
        "popularity": 45.786,
        "release_date": "2014-10-24",
        "vote_average": 5.1,
        "vote_count": 2653,
        "budget": 5000000,
        "revenue": 103600000,
        "director": "Stiles White"
    },
    {
        "id": 11510,
        "imdb_id": "tt0100475",
        "original_language": "en",
        "original_title": "Repossessed",
        "popularity": 18.515,
        "release_date": "1990-09-14",
        "vote_average": 5.137,
        "vote_count": 315,
        "budget": 0,
        "revenue": 1382462,
        "director": "Bob Logan"
    },
    {
        "id": 11252,
        "imdb_id": "tt0155975",
        "original_language": "en",
        "original_title": "Psycho",
        "popularity": 24.483,
        "release_date": "1998-12-04",
        "vote_average": 5.1,
        "vote_count": 967,
        "budget": 60000000,
        "revenue": 37100000,
        "director": "Gus Van Sant"
    },
    {
        "id": 10016,
        "imdb_id": "tt0228333",
        "original_language": "en",
        "original_title": "Ghosts of Mars",
        "popularity": 21.374,
        "release_date": "2001-08-24",
        "vote_average": 5.127,
        "vote_count": 1096,
        "budget": 28000000,
        "revenue": 14010832,
        "director": "John Carpenter"
    },
    {
        "id": 1024530,
        "imdb_id": "tt17196124",
        "original_language": "en",
        "original_title": "Grimcutty",
        "popularity": 21.326,
        "release_date": "2022-10-10",
        "vote_average": 5.1,
        "vote_count": 378,
        "budget": 0,
        "revenue": 0,
        "director": "John Ross"
    },
    {
        "id": 193612,
        "imdb_id": "tt2235779",
        "original_language": "en",
        "original_title": "The Quiet Ones",
        "popularity": 11.462,
        "release_date": "2014-04-25",
        "vote_average": 5.109,
        "vote_count": 648,
        "budget": 200000,
        "revenue": 17834867,
        "director": "John Pogue"
    },
    {
        "id": 492336,
        "imdb_id": "tt7086706",
        "original_language": "en",
        "original_title": "Deep Blue Sea 2",
        "popularity": 12.765,
        "release_date": "2018-04-17",
        "vote_average": 5.1,
        "vote_count": 520,
        "budget": 0,
        "revenue": 0,
        "director": "Darin Scott"
    },
    {
        "id": 12158,
        "imdb_id": "tt0114825",
        "original_language": "en",
        "original_title": "Vampire in Brooklyn",
        "popularity": 10.836,
        "release_date": "1995-10-26",
        "vote_average": 5.1,
        "vote_count": 583,
        "budget": 14000000,
        "revenue": 19800000,
        "director": "Wes Craven"
    },
    {
        "id": 346651,
        "imdb_id": "tt3774802",
        "original_language": "en",
        "original_title": "Pandemic",
        "popularity": 19.306,
        "release_date": "2016-02-26",
        "vote_average": 5.084,
        "vote_count": 351,
        "budget": 0,
        "revenue": 0,
        "director": "John Suits"
    },
    {
        "id": 71670,
        "imdb_id": "tt1255916",
        "original_language": "en",
        "original_title": "Hostel: Part III",
        "popularity": 38.938,
        "release_date": "2011-12-22",
        "vote_average": 5.055,
        "vote_count": 1189,
        "budget": 6000000,
        "revenue": 0,
        "director": "Scott Spiegel"
    },
    {
        "id": 89691,
        "imdb_id": "tt1603257",
        "original_language": "en",
        "original_title": "ATM",
        "popularity": 12.589,
        "release_date": "2012-02-17",
        "vote_average": 5.053,
        "vote_count": 609,
        "budget": 3000000,
        "revenue": 921752,
        "director": "David Brooks"
    },
    {
        "id": 429467,
        "imdb_id": "tt4399952",
        "original_language": "en",
        "original_title": "The Lodgers",
        "popularity": 17.717,
        "release_date": "2017-10-05",
        "vote_average": 5.046,
        "vote_count": 488,
        "budget": 0,
        "revenue": 916727,
        "director": "Brian O'Malley"
    },
    {
        "id": 980078,
        "imdb_id": "tt19623240",
        "original_language": "en",
        "original_title": "Winnie the Pooh: Blood and Honey",
        "popularity": 16.217,
        "release_date": "2023-01-26",
        "vote_average": 5.044,
        "vote_count": 1394,
        "budget": 100000,
        "revenue": 7717044,
        "director": "Rhys Frake-Waterfield"
    },
    {
        "id": 9682,
        "imdb_id": "tt0454919",
        "original_language": "en",
        "original_title": "Pulse",
        "popularity": 17.862,
        "release_date": "2006-08-11",
        "vote_average": 5.044,
        "vote_count": 528,
        "budget": 38000000,
        "revenue": 29907685,
        "director": "Jim Sonzero"
    },
    {
        "id": 12525,
        "imdb_id": "tt0101628",
        "original_language": "en",
        "original_title": "Critters 4",
        "popularity": 13.243,
        "release_date": "1992-08-20",
        "vote_average": 5.0,
        "vote_count": 301,
        "budget": 0,
        "revenue": 0,
        "director": "Rupert Harvey"
    },
    {
        "id": 8617,
        "imdb_id": "tt0926129",
        "original_language": "en",
        "original_title": "Prom Night",
        "popularity": 16.957,
        "release_date": "2008-04-10",
        "vote_average": 5.0,
        "vote_count": 729,
        "budget": 20000000,
        "revenue": 14800000,
        "director": "Nelson McCormick"
    },
    {
        "id": 523638,
        "imdb_id": "tt6372694",
        "original_language": "en",
        "original_title": "Prisoners of the Ghostland",
        "popularity": 13.013,
        "release_date": "2021-08-31",
        "vote_average": 5.001,
        "vote_count": 581,
        "budget": 0,
        "revenue": 0,
        "director": "Sion Sono"
    }
]