[
    {
        "id": 18781,
        "imdb_id": "tt0492044",
        "original_language": "en",
        "original_title": "The Haunting in Connecticut",
        "popularity": 17.098,
        "release_date": "2009-03-27",
        "vote_average": 6.168,
        "vote_count": 1101,
        "budget": 10000000,
        "revenue": 77578320,
        "director": "Peter Cornwell"
    },
    {
        "id": 11917,
        "imdb_id": "tt1132626",
        "original_language": "en",
        "original_title": "Saw V",
        "popularity": 33.5,
        "release_date": "2008-10-23",
        "vote_average": 6.167,
        "vote_count": 3520,
        "budget": 10800000,
        "revenue": 113864059,
        "director": "David Hackl"
    },
    {
        "id": 663,
        "imdb_id": "tt0890870",
        "original_language": "en",
        "original_title": "Saw IV",
        "popularity": 43.732,
        "release_date": "2007-10-25",
        "vote_average": 6.2,
        "vote_count": 3797,
        "budget": 10000000,
        "revenue": 139352633,
        "director": "Darren Lynn Bousman"
    },
    {
        "id": 748230,
        "imdb_id": "tt10245072",
        "original_language": "en",
        "original_title": "Salem's Lot",
        "popularity": 48.622,
        "release_date": "2024-10-03",
        "vote_average": 6.2,
        "vote_count": 432,
        "budget": 0,
        "revenue": 851156,
        "director": "Gary Dauberman"
    },
    {
        "id": 10929,
        "imdb_id": "tt0310357",
        "original_language": "en",
        "original_title": "Willard",
        "popularity": 17.001,
        "release_date": "2003-03-14",
        "vote_average": 6.159,
        "vote_count": 324,
        "budget": 22000000,
        "revenue": 8564586,
        "director": "Glen Morgan"
    },
    {
        "id": 8078,
        "imdb_id": "tt0118583",
        "original_language": "en",
        "original_title": "Alien Resurrection",
        "popularity": 48.146,
        "release_date": "1997-11-12",
        "vote_average": 6.159,
        "vote_count": 5007,
        "budget": 70000000,
        "revenue": 162000000,
        "director": "Jean-Pierre Jeunet"
    },
    {
        "id": 10070,
        "imdb_id": "tt0426459",
        "original_language": "en",
        "original_title": "Feast",
        "popularity": 20.663,
        "release_date": "2005-10-14",
        "vote_average": 6.158,
        "vote_count": 544,
        "budget": 3200000,
        "revenue": 658573,
        "director": "John Gulager"
    },
    {
        "id": 184345,
        "imdb_id": "tt2828996",
        "original_language": "en",
        "original_title": "A Haunted House 2",
        "popularity": 48.404,
        "release_date": "2014-04-17",
        "vote_average": 6.2,
        "vote_count": 1461,
        "budget": 4000000,
        "revenue": 25343661,
        "director": "Michael Tiddes"
    },
    {
        "id": 31578,
        "imdb_id": "tt0106449",
        "original_language": "en",
        "original_title": "Body Bags",
        "popularity": 17.24,
        "release_date": "1993-08-08",
        "vote_average": 6.2,
        "vote_count": 332,
        "budget": 0,
        "revenue": 0,
        "director": "John Carpenter"
    },
    {
        "id": 10972,
        "imdb_id": "tt0261983",
        "original_language": "en",
        "original_title": "Session 9",
        "popularity": 29.346,
        "release_date": "2001-08-10",
        "vote_average": 6.157,
        "vote_count": 906,
        "budget": 1500000,
        "revenue": 1612259,
        "director": "Brad Anderson"
    },
    {
        "id": 419479,
        "imdb_id": "tt4225622",
        "original_language": "en",
        "original_title": "The Babysitter",
        "popularity": 25.776,
        "release_date": "2017-10-13",
        "vote_average": 6.2,
        "vote_count": 3614,
        "budget": 0,
        "revenue": 0,
        "director": "McG"
    },
    {
        "id": 516632,
        "imdb_id": "tt5867314",
        "original_language": "en",
        "original_title": "The Empty Man",
        "popularity": 40.57,
        "release_date": "2020-10-22",
        "vote_average": 6.155,
        "vote_count": 847,
        "budget": 16000000,
        "revenue": 4796993,
        "director": "David Prior"
    },
    {
        "id": 58431,
        "imdb_id": "tt1374989",
        "original_language": "en",
        "original_title": "Pride and Prejudice and Zombies",
        "popularity": 26.063,
        "release_date": "2016-02-04",
        "vote_average": 6.155,
        "vote_count": 2168,
        "budget": 28000000,
        "revenue": 16457494,
        "director": "Burr Steers"
    },
    {
        "id": 473149,
        "imdb_id": "tt5670152",
        "original_language": "en",
        "original_title": "Traffik",
        "popularity": 27.46,
        "release_date": "2018-04-20",
        "vote_average": 6.154,
        "vote_count": 452,
        "budget": 4000000,
        "revenue": 5132274,
        "director": "Deon Taylor"
    },
    {
        "id": 11415,
        "imdb_id": "tt0091223",
        "original_language": "en",
        "original_title": "House",
        "popularity": 21.123,
        "release_date": "1985-12-06",
        "vote_average": 6.2,
        "vote_count": 570,
        "budget": 3000000,
        "revenue": 19444631,
        "director": "Steve Miner"
    },
    {
        "id": 11351,
        "imdb_id": "tt0301470",
        "original_language": "en",
        "original_title": "Jeepers Creepers 2",
        "popularity": 37.913,
        "release_date": "2003-08-08",
        "vote_average": 6.154,
        "vote_count": 1659,
        "budget": 17000000,
        "revenue": 63102666,
        "director": "Victor Salva"
    },
    {
        "id": 411143,
        "imdb_id": "tt4357394",
        "original_language": "en",
        "original_title": "Tau",
        "popularity": 12.768,
        "release_date": "2018-06-29",
        "vote_average": 6.152,
        "vote_count": 1256,
        "budget": 0,
        "revenue": 0,
        "director": "Federico D'Alessandro"
    },
    {
        "id": 126889,
        "imdb_id": "tt2316204",
        "original_language": "en",
        "original_title": "Alien: Covenant",
        "popularity": 66.913,
        "release_date": "2017-05-09",
        "vote_average": 6.152,
        "vote_count": 8716,
        "budget": 97000000,
        "revenue": 240891763,
        "director": "Ridley Scott"
    },
    {
        "id": 12262,
        "imdb_id": "tt0077681",
        "original_language": "en",
        "original_title": "The Hills Have Eyes",
        "popularity": 15.539,
        "release_date": "1977-07-22",
        "vote_average": 6.2,
        "vote_count": 893,
        "budget": 350000,
        "revenue": 25000000,
        "director": "Wes Craven"
    },
    {
        "id": 341006,
        "imdb_id": "tt1082807",
        "original_language": "en",
        "original_title": "The Belko Experiment",
        "popularity": 25.328,
        "release_date": "2016-03-17",
        "vote_average": 6.151,
        "vote_count": 1483,
        "budget": 5000000,
        "revenue": 10166820,
        "director": "Greg McLean"
    },
    {
        "id": 10836,
        "imdb_id": "tt0264508",
        "original_language": "en",
        "original_title": "Dagon",
        "popularity": 10.721,
        "release_date": "2001-10-12",
        "vote_average": 6.15,
        "vote_count": 414,
        "budget": 4800000,
        "revenue": 0,
        "director": "Stuart Gordon"
    },
    {
        "id": 10489,
        "imdb_id": "tt0085382",
        "original_language": "en",
        "original_title": "Cujo",
        "popularity": 25.912,
        "release_date": "1983-08-10",
        "vote_average": 6.1,
        "vote_count": 1017,
        "budget": 5000000,
        "revenue": 21200000,
        "director": "Lewis Teague"
    },
    {
        "id": 10065,
        "imdb_id": "tt0384806",
        "original_language": "en",
        "original_title": "The Amityville Horror",
        "popularity": 27.301,
        "release_date": "2005-04-14",
        "vote_average": 6.1,
        "vote_count": 2184,
        "budget": 19000000,
        "revenue": 107516369,
        "director": "Andrew Douglas"
    },
    {
        "id": 426814,
        "imdb_id": "tt5591666",
        "original_language": "en",
        "original_title": "The Domestics",
        "popularity": 22.362,
        "release_date": "2018-06-28",
        "vote_average": 6.146,
        "vote_count": 454,
        "budget": 0,
        "revenue": 0,
        "director": "Mike P. Nelson"
    },
    {
        "id": 518158,
        "imdb_id": "tt8155182",
        "original_language": "en",
        "original_title": "Leprechaun Returns",
        "popularity": 12.477,
        "release_date": "2018-12-11",
        "vote_average": 6.1,
        "vote_count": 632,
        "budget": 1500000,
        "revenue": 0,
        "director": "Steven Kostanski"
    },
    {
        "id": 12707,
        "imdb_id": "tt0076504",
        "original_language": "en",
        "original_title": "Orca",
        "popularity": 15.976,
        "release_date": "1977-07-22",
        "vote_average": 6.1,
        "vote_count": 405,
        "budget": 17500000,
        "revenue": 14717854,
        "director": "Michael Anderson"
    },
    {
        "id": 11707,
        "imdb_id": "tt0088272",
        "original_language": "en",
        "original_title": "Tightrope",
        "popularity": 16.179,
        "release_date": "1984-08-17",
        "vote_average": 6.1,
        "vote_count": 350,
        "budget": 0,
        "revenue": 48143579,
        "director": "Richard Tuggle"
    },
    {
        "id": 532671,
        "imdb_id": "tt4504044",
        "original_language": "en",
        "original_title": "The Prodigy",
        "popularity": 18.767,
        "release_date": "2019-02-06",
        "vote_average": 6.137,
        "vote_count": 980,
        "budget": 6000000,
        "revenue": 21200000,
        "director": "Nicholas McCarthy"
    },
    {
        "id": 590995,
        "imdb_id": "tt4685762",
        "original_language": "en",
        "original_title": "The Craft: Legacy",
        "popularity": 22.856,
        "release_date": "2020-10-28",
        "vote_average": 6.1,
        "vote_count": 814,
        "budget": 18000000,
        "revenue": 2300000,
        "director": "Zoe Lister-Jones"
    },
    {
        "id": 403587,
        "imdb_id": "tt0089905",
        "original_language": "en",
        "original_title": "Return",
        "popularity": 9.014,
        "release_date": "1985-10-31",
        "vote_average": 6.143,
        "vote_count": 2218,
        "budget": 0,
        "revenue": 0,
        "director": "Andrew Silver"
    },
    {
        "id": 10781,
        "imdb_id": "tt0420294",
        "original_language": "en",
        "original_title": "The Texas Chainsaw Massacre: The Beginning",
        "popularity": 35.95,
        "release_date": "2006-10-05",
        "vote_average": 6.1,
        "vote_count": 1800,
        "budget": 16000000,
        "revenue": 50517763,
        "director": "Jonathan Liebesman"
    },
    {
        "id": 4722,
        "imdb_id": "tt0106452",
        "original_language": "en",
        "original_title": "Body Snatchers",
        "popularity": 18.078,
        "release_date": "1993-06-09",
        "vote_average": 6.1,
        "vote_count": 425,
        "budget": 13000000,
        "revenue": 428868,
        "director": "Abel Ferrara"
    },
    {
        "id": 1051896,
        "imdb_id": "tt22939186",
        "original_language": "en",
        "original_title": "Arcadian",
        "popularity": 294.986,
        "release_date": "2024-04-12",
        "vote_average": 6.1,
        "vote_count": 560,
        "budget": 0,
        "revenue": 859453,
        "director": "Benjamin Brewer"
    },
    {
        "id": 65086,
        "imdb_id": "tt1596365",
        "original_language": "en",
        "original_title": "The Woman in Black",
        "popularity": 26.808,
        "release_date": "2012-02-03",
        "vote_average": 6.136,
        "vote_count": 3461,
        "budget": 32000000,
        "revenue": 129000000,
        "director": "James Watkins"
    },
    {
        "id": 218784,
        "imdb_id": "tt1817771",
        "original_language": "en",
        "original_title": "Freaks of Nature",
        "popularity": 19.453,
        "release_date": "2015-10-30",
        "vote_average": 6.1,
        "vote_count": 556,
        "budget": 0,
        "revenue": 70958,
        "director": "Robbie Pickering"
    },
    {
        "id": 13220,
        "imdb_id": "tt1031280",
        "original_language": "en",
        "original_title": "Splinter",
        "popularity": 16.884,
        "release_date": "2008-10-31",
        "vote_average": 6.1,
        "vote_count": 691,
        "budget": 0,
        "revenue": 124191,
        "director": "Toby Wilkins"
    },
    {
        "id": 10185,
        "imdb_id": "tt0805570",
        "original_language": "en",
        "original_title": "The Midnight Meat Train",
        "popularity": 34.169,
        "release_date": "2008-08-07",
        "vote_average": 6.1,
        "vote_count": 1124,
        "budget": 15000000,
        "revenue": 3533227,
        "director": "Ry\u00fbhei Kitamura"
    },
    {
        "id": 335796,
        "imdb_id": "tt4361050",
        "original_language": "en",
        "original_title": "Ouija: Origin of Evil",
        "popularity": 30.744,
        "release_date": "2016-10-20",
        "vote_average": 6.1,
        "vote_count": 2466,
        "budget": 9000000,
        "revenue": 81700000,
        "director": "Mike Flanagan"
    },
    {
        "id": 507441,
        "imdb_id": "tt2716382",
        "original_language": "en",
        "original_title": "Sea Fever",
        "popularity": 18.706,
        "release_date": "2020-03-06",
        "vote_average": 6.129,
        "vote_count": 564,
        "budget": 0,
        "revenue": 0,
        "director": "Neasa Hardiman"
    },
    {
        "id": 930600,
        "imdb_id": "tt4196566",
        "original_language": "en",
        "original_title": "The Deliverance",
        "popularity": 49.576,
        "release_date": "2024-08-16",
        "vote_average": 6.1,
        "vote_count": 438,
        "budget": 0,
        "revenue": 0,
        "director": "Lee Daniels"
    },
    {
        "id": 531309,
        "imdb_id": "tt7752126",
        "original_language": "en",
        "original_title": "Brightburn",
        "popularity": 32.247,
        "release_date": "2019-05-09",
        "vote_average": 6.1,
        "vote_count": 3151,
        "budget": 6000000,
        "revenue": 33224654,
        "director": "David Yarovesky"
    },
    {
        "id": 12526,
        "imdb_id": "tt0470705",
        "original_language": "en",
        "original_title": "Bug",
        "popularity": 16.535,
        "release_date": "2007-02-21",
        "vote_average": 6.1,
        "vote_count": 546,
        "budget": 4000000,
        "revenue": 8095658,
        "director": "William Friedkin"
    },
    {
        "id": 22172,
        "imdb_id": "tt0094057",
        "original_language": "en",
        "original_title": "Street Trash",
        "popularity": 11.853,
        "release_date": "1987-02-22",
        "vote_average": 6.125,
        "vote_count": 307,
        "budget": 0,
        "revenue": 0,
        "director": "J. Michael Muro"
    },
    {
        "id": 739990,
        "imdb_id": "tt10521144",
        "original_language": "en",
        "original_title": "Nightbooks",
        "popularity": 19.997,
        "release_date": "2021-09-15",
        "vote_average": 6.12,
        "vote_count": 380,
        "budget": 0,
        "revenue": 0,
        "director": "David Yarovesky"
    },
    {
        "id": 10153,
        "imdb_id": "tt0120184",
        "original_language": "en",
        "original_title": "Sphere",
        "popularity": 30.906,
        "release_date": "1998-02-13",
        "vote_average": 6.117,
        "vote_count": 1637,
        "budget": 80000000,
        "revenue": 37020277,
        "director": "Barry Levinson"
    },
    {
        "id": 442062,
        "imdb_id": "tt5664636",
        "original_language": "en",
        "original_title": "Goosebumps 2: Haunted Halloween",
        "popularity": 29.66,
        "release_date": "2018-10-11",
        "vote_average": 6.1,
        "vote_count": 1530,
        "budget": 35000000,
        "revenue": 93320380,
        "director": "Ari Sandel"
    },
    {
        "id": 13186,
        "imdb_id": "tt0804555",
        "original_language": "en",
        "original_title": "Wrong Turn 2: Dead End",
        "popularity": 60.703,
        "release_date": "2007-08-25",
        "vote_average": 6.114,
        "vote_count": 1392,
        "budget": 4000000,
        "revenue": 0,
        "director": "Joe Lynch"
    },
    {
        "id": 474764,
        "imdb_id": "tt7347846",
        "original_language": "en",
        "original_title": "The Lodge",
        "popularity": 22.256,
        "release_date": "2020-01-16",
        "vote_average": 6.1,
        "vote_count": 1265,
        "budget": 0,
        "revenue": 2679585,
        "director": "Veronika Franz"
    },
    {
        "id": 424121,
        "imdb_id": "tt6217306",
        "original_language": "en",
        "original_title": "Apostle",
        "popularity": 22.537,
        "release_date": "2018-09-21",
        "vote_average": 6.113,
        "vote_count": 1434,
        "budget": 0,
        "revenue": 0,
        "director": "Gareth Evans"
    },
    {
        "id": 272692,
        "imdb_id": "tt2282016",
        "original_language": "en",
        "original_title": "The Possession of Michael King",
        "popularity": 12.446,
        "release_date": "2014-08-14",
        "vote_average": 6.1,
        "vote_count": 389,
        "budget": 0,
        "revenue": 2405143,
        "director": "David Jung"
    },
    {
        "id": 14240,
        "imdb_id": "tt0095583",
        "original_language": "en",
        "original_title": "Maniac Cop",
        "popularity": 16.088,
        "release_date": "1988-05-13",
        "vote_average": 6.113,
        "vote_count": 473,
        "budget": 1100000,
        "revenue": 671382,
        "director": "William Lustig"
    },
    {
        "id": 1644,
        "imdb_id": "tt0108473",
        "original_language": "en",
        "original_title": "The Vanishing",
        "popularity": 21.772,
        "release_date": "1993-02-05",
        "vote_average": 6.1,
        "vote_count": 504,
        "budget": 0,
        "revenue": 14543394,
        "director": "George Sluizer"
    },
    {
        "id": 609972,
        "imdb_id": "tt10515988",
        "original_language": "en",
        "original_title": "Paranormal Activity: Next of Kin",
        "popularity": 22.135,
        "release_date": "2021-10-29",
        "vote_average": 6.1,
        "vote_count": 677,
        "budget": 0,
        "revenue": 0,
        "director": "William Eubank"
    },
    {
        "id": 173897,
        "imdb_id": "tt2592614",
        "original_language": "en",
        "original_title": "Resident Evil: The Final Chapter",
        "popularity": 1.8,
        "release_date": "2016-12-23",
        "vote_average": 6.1,
        "vote_count": 3199,
        "budget": 40000000,
        "revenue": 312200000,
        "director": "Paul W. S. Anderson"
    },
    {
        "id": 12122,
        "imdb_id": "tt0114852",
        "original_language": "en",
        "original_title": "Village of the Damned",
        "popularity": 21.653,
        "release_date": "1995-04-28",
        "vote_average": 6.112,
        "vote_count": 832,
        "budget": 22000000,
        "revenue": 9418365,
        "director": "John Carpenter"
    },
    {
        "id": 9730,
        "imdb_id": "tt0087298",
        "original_language": "en",
        "original_title": "Friday the 13th: The Final Chapter",
        "popularity": 25.86,
        "release_date": "1984-04-13",
        "vote_average": 6.111,
        "vote_count": 1329,
        "budget": 2200000,
        "revenue": 32981717,
        "director": "Joseph Zito"
    },
    {
        "id": 408439,
        "imdb_id": "tt3896738",
        "original_language": "en",
        "original_title": "Hounds of Love",
        "popularity": 11.823,
        "release_date": "2016-10-07",
        "vote_average": 6.1,
        "vote_count": 342,
        "budget": 0,
        "revenue": 0,
        "director": "Ben Young"
    },
    {
        "id": 48171,
        "imdb_id": "tt1161864",
        "original_language": "en",
        "original_title": "The Rite",
        "popularity": 22.297,
        "release_date": "2011-01-28",
        "vote_average": 6.109,
        "vote_count": 2083,
        "budget": 37000000,
        "revenue": 96047633,
        "director": "Mikael H\u00e5fstr\u00f6m"
    },
    {
        "id": 10665,
        "imdb_id": "tt0482606",
        "original_language": "en",
        "original_title": "The Strangers",
        "popularity": 24.968,
        "release_date": "2008-05-29",
        "vote_average": 6.109,
        "vote_count": 2426,
        "budget": 9000000,
        "revenue": 82391145,
        "director": "Bryan Bertino"
    },
    {
        "id": 780609,
        "imdb_id": "tt13841850",
        "original_language": "en",
        "original_title": "Men",
        "popularity": 28.517,
        "release_date": "2022-05-20",
        "vote_average": 6.1,
        "vote_count": 1118,
        "budget": 6500000,
        "revenue": 11152071,
        "director": "Alex Garland"
    },
    {
        "id": 753453,
        "imdb_id": "tt14867006",
        "original_language": "en",
        "original_title": "V/H/S/94",
        "popularity": 21.723,
        "release_date": "2021-09-26",
        "vote_average": 6.107,
        "vote_count": 467,
        "budget": 0,
        "revenue": 0,
        "director": "Jennifer Reeder"
    },
    {
        "id": 84204,
        "imdb_id": "tt1525366",
        "original_language": "en",
        "original_title": "Grabbers",
        "popularity": 11.654,
        "release_date": "2012-08-10",
        "vote_average": 6.1,
        "vote_count": 453,
        "budget": 0,
        "revenue": 427335,
        "director": "Jon Wright"
    },
    {
        "id": 84348,
        "imdb_id": "tt2105044",
        "original_language": "en",
        "original_title": "V/H/S",
        "popularity": 13.731,
        "release_date": "2012-07-28",
        "vote_average": 6.103,
        "vote_count": 1551,
        "budget": 0,
        "revenue": 100345,
        "director": "David Bruckner"
    },
    {
        "id": 9286,
        "imdb_id": "tt0414982",
        "original_language": "en",
        "original_title": "Final Destination 3",
        "popularity": 46.49,
        "release_date": "2006-02-09",
        "vote_average": 6.1,
        "vote_count": 3886,
        "budget": 25000000,
        "revenue": 118890272,
        "director": "James Wong"
    },
    {
        "id": 4970,
        "imdb_id": "tt0348836",
        "original_language": "en",
        "original_title": "Gothika",
        "popularity": 26.761,
        "release_date": "2003-11-21",
        "vote_average": 6.103,
        "vote_count": 2286,
        "budget": 40000000,
        "revenue": 141591324,
        "director": "Mathieu Kassovitz"
    },
    {
        "id": 340102,
        "imdb_id": "tt4682266",
        "original_language": "en",
        "original_title": "The New Mutants",
        "popularity": 29.802,
        "release_date": "2020-04-02",
        "vote_average": 6.1,
        "vote_count": 3434,
        "budget": 67000000,
        "revenue": 49169594,
        "director": "Josh Boone"
    },
    {
        "id": 10395,
        "imdb_id": "tt0111742",
        "original_language": "en",
        "original_title": "Wolf",
        "popularity": 20.734,
        "release_date": "1994-06-17",
        "vote_average": 6.1,
        "vote_count": 916,
        "budget": 70000000,
        "revenue": 131002597,
        "director": "Mike Nichols"
    },
    {
        "id": 55779,
        "imdb_id": "tt1622979",
        "original_language": "en",
        "original_title": "Final Destination 5",
        "popularity": 49.598,
        "release_date": "2011-08-12",
        "vote_average": 6.097,
        "vote_count": 3430,
        "budget": 40000000,
        "revenue": 157887643,
        "director": "Steven Quale"
    },
    {
        "id": 9946,
        "imdb_id": "tt0146675",
        "original_language": "en",
        "original_title": "End of Days",
        "popularity": 23.335,
        "release_date": "1999-11-24",
        "vote_average": 6.094,
        "vote_count": 1865,
        "budget": 100000000,
        "revenue": 212000000,
        "director": "Peter Hyams"
    },
    {
        "id": 858017,
        "imdb_id": "tt15574270",
        "original_language": "en",
        "original_title": "I Saw the TV Glow",
        "popularity": 45.974,
        "release_date": "2024-05-03",
        "vote_average": 6.1,
        "vote_count": 372,
        "budget": 10000000,
        "revenue": 5385317,
        "director": "Jane Schoenbrun"
    },
    {
        "id": 280002,
        "imdb_id": "tt2714380",
        "original_language": "en",
        "original_title": "The Remaining",
        "popularity": 43.509,
        "release_date": "2014-08-25",
        "vote_average": 6.093,
        "vote_count": 445,
        "budget": 0,
        "revenue": 1169603,
        "director": "Casey La Scala"
    },
    {
        "id": 166271,
        "imdb_id": "tt2345567",
        "original_language": "en",
        "original_title": "Haunter",
        "popularity": 14.127,
        "release_date": "2013-10-17",
        "vote_average": 6.092,
        "vote_count": 565,
        "budget": 0,
        "revenue": 0,
        "director": "Vincenzo Natali"
    },
    {
        "id": 11979,
        "imdb_id": "tt0238546",
        "original_language": "en",
        "original_title": "Queen of the Damned",
        "popularity": 18.075,
        "release_date": "2002-02-10",
        "vote_average": 6.1,
        "vote_count": 1065,
        "budget": 35000000,
        "revenue": 45479110,
        "director": "Michael Rymer"
    },
    {
        "id": 667216,
        "imdb_id": "tt10365998",
        "original_language": "en",
        "original_title": "Infinity Pool",
        "popularity": 29.521,
        "release_date": "2023-01-27",
        "vote_average": 6.088,
        "vote_count": 794,
        "budget": 4500000,
        "revenue": 5078400,
        "director": "Brandon Cronenberg"
    },
    {
        "id": 13937,
        "imdb_id": "tt0105217",
        "original_language": "en",
        "original_title": "Raising Cain",
        "popularity": 17.18,
        "release_date": "1992-08-07",
        "vote_average": 6.1,
        "vote_count": 350,
        "budget": 12000000,
        "revenue": 37170057,
        "director": "Brian De Palma"
    },
    {
        "id": 616820,
        "imdb_id": "tt10665342",
        "original_language": "en",
        "original_title": "Halloween Ends",
        "popularity": 45.749,
        "release_date": "2022-10-12",
        "vote_average": 6.084,
        "vote_count": 1789,
        "budget": 20000000,
        "revenue": 104374176,
        "director": "David Gordon Green"
    },
    {
        "id": 44040,
        "imdb_id": "tt1314655",
        "original_language": "en",
        "original_title": "Devil",
        "popularity": 29.6,
        "release_date": "2010-09-16",
        "vote_average": 6.082,
        "vote_count": 2867,
        "budget": 10000000,
        "revenue": 33583175,
        "director": "John Erick Dowdle"
    },
    {
        "id": 33518,
        "imdb_id": "tt0080354",
        "original_language": "en",
        "original_title": "Alligator",
        "popularity": 16.069,
        "release_date": "1980-07-02",
        "vote_average": 6.1,
        "vote_count": 333,
        "budget": 1500000,
        "revenue": 0,
        "director": "Lewis Teague"
    },
    {
        "id": 830788,
        "imdb_id": "tt12873562",
        "original_language": "en",
        "original_title": "The Invitation",
        "popularity": 27.021,
        "release_date": "2022-08-24",
        "vote_average": 6.078,
        "vote_count": 835,
        "budget": 10000000,
        "revenue": 33628000,
        "director": "Jessica M. Thompson"
    },
    {
        "id": 539181,
        "imdb_id": "tt9072352",
        "original_language": "en",
        "original_title": "Relic",
        "popularity": 16.735,
        "release_date": "2020-07-03",
        "vote_average": 6.077,
        "vote_count": 743,
        "budget": 1229578,
        "revenue": 3238539,
        "director": "Natalie Erika James"
    },
    {
        "id": 12110,
        "imdb_id": "tt0112896",
        "original_language": "en",
        "original_title": "Dracula: Dead and Loving It",
        "popularity": 19.696,
        "release_date": "1995-12-22",
        "vote_average": 6.077,
        "vote_count": 976,
        "budget": 30000000,
        "revenue": 10772144,
        "director": "Mel Brooks"
    },
    {
        "id": 60304,
        "imdb_id": "tt1428538",
        "original_language": "en",
        "original_title": "Hansel & Gretel: Witch Hunters",
        "popularity": 41.633,
        "release_date": "2013-01-17",
        "vote_average": 6.074,
        "vote_count": 6735,
        "budget": 50000000,
        "revenue": 226349749,
        "director": "Tommy Wirkola"
    },
    {
        "id": 11932,
        "imdb_id": "tt0144120",
        "original_language": "en",
        "original_title": "Bride of Chucky",
        "popularity": 31.191,
        "release_date": "1998-10-15",
        "vote_average": 6.073,
        "vote_count": 1931,
        "budget": 25000000,
        "revenue": 50671850,
        "director": "Ronny Yu"
    },
    {
        "id": 290999,
        "imdb_id": "tt2535470",
        "original_language": "en",
        "original_title": "Wyrmwood: Road of the Dead",
        "popularity": 8.627,
        "release_date": "2014-09-19",
        "vote_average": 6.1,
        "vote_count": 449,
        "budget": 0,
        "revenue": 0,
        "director": "Kiah Roache-Turner"
    },
    {
        "id": 4961,
        "imdb_id": "tt0119675",
        "original_language": "en",
        "original_title": "Mimic",
        "popularity": 22.766,
        "release_date": "1997-08-22",
        "vote_average": 6.067,
        "vote_count": 1114,
        "budget": 30000000,
        "revenue": 25480490,
        "director": "Guillermo del Toro"
    },
    {
        "id": 50204,
        "imdb_id": "tt1320239",
        "original_language": "en",
        "original_title": "Burke & Hare",
        "popularity": 18.992,
        "release_date": "2010-10-29",
        "vote_average": 6.1,
        "vote_count": 463,
        "budget": 10000000,
        "revenue": 4791599,
        "director": "John Landis"
    },
    {
        "id": 29425,
        "imdb_id": "tt0069895",
        "original_language": "en",
        "original_title": "The Crazies",
        "popularity": 10.638,
        "release_date": "1973-03-16",
        "vote_average": 6.1,
        "vote_count": 366,
        "budget": 275000,
        "revenue": 0,
        "director": "George A. Romero"
    },
    {
        "id": 25769,
        "imdb_id": "tt0806203",
        "original_language": "en",
        "original_title": "Carriers",
        "popularity": 35.889,
        "release_date": "2009-09-04",
        "vote_average": 6.1,
        "vote_count": 1385,
        "budget": 0,
        "revenue": 5805279,
        "director": "\u00c0lex Pastor"
    },
    {
        "id": 458305,
        "imdb_id": "tt8368406",
        "original_language": "en",
        "original_title": "Vivarium",
        "popularity": 23.659,
        "release_date": "2019-09-07",
        "vote_average": 6.1,
        "vote_count": 2149,
        "budget": 4000000,
        "revenue": 488000,
        "director": "Lorcan Finnegan"
    },
    {
        "id": 718400,
        "imdb_id": "tt9794630",
        "original_language": "en",
        "original_title": "The Vanished",
        "popularity": 19.53,
        "release_date": "2020-08-21",
        "vote_average": 6.1,
        "vote_count": 322,
        "budget": 0,
        "revenue": 0,
        "director": "Peter Facinelli"
    },
    {
        "id": 35791,
        "imdb_id": "tt1220634",
        "original_language": "en",
        "original_title": "Resident Evil: Afterlife",
        "popularity": 1.196,
        "release_date": "2010-09-09",
        "vote_average": 6.1,
        "vote_count": 3867,
        "budget": 60000000,
        "revenue": 300200000,
        "director": "Paul W. S. Anderson"
    },
    {
        "id": 6217,
        "imdb_id": "tt0083722",
        "original_language": "en",
        "original_title": "Cat People",
        "popularity": 17.289,
        "release_date": "1982-04-02",
        "vote_average": 6.1,
        "vote_count": 511,
        "budget": 12500000,
        "revenue": 21000000,
        "director": "Paul Schrader"
    },
    {
        "id": 10093,
        "imdb_id": "tt0433442",
        "original_language": "en",
        "original_title": "The Return",
        "popularity": 13.636,
        "release_date": "2006-11-10",
        "vote_average": 6.1,
        "vote_count": 631,
        "budget": 15000000,
        "revenue": 11992014,
        "director": "Asif Kapadia"
    },
    {
        "id": 901385,
        "imdb_id": "tt15353964",
        "original_language": "en",
        "original_title": "Significant Other",
        "popularity": 22.215,
        "release_date": "2022-10-06",
        "vote_average": 6.1,
        "vote_count": 317,
        "budget": 0,
        "revenue": 0,
        "director": "Robert Olsen"
    },
    {
        "id": 6466,
        "imdb_id": "tt0329101",
        "original_language": "en",
        "original_title": "Freddy vs. Jason",
        "popularity": 36.608,
        "release_date": "2003-08-15",
        "vote_average": 6.058,
        "vote_count": 2599,
        "budget": 30000000,
        "revenue": 116643421,
        "director": "Ronny Yu"
    },
    {
        "id": 576004,
        "imdb_id": "tt8485772",
        "original_language": "en",
        "original_title": "Porno",
        "popularity": 25.57,
        "release_date": "2019-06-28",
        "vote_average": 6.056,
        "vote_count": 374,
        "budget": 0,
        "revenue": 0,
        "director": "Keola Racela"
    },
    {
        "id": 605804,
        "imdb_id": "tt8305806",
        "original_language": "en",
        "original_title": "The Wretched",
        "popularity": 13.007,
        "release_date": "2020-03-09",
        "vote_average": 6.1,
        "vote_count": 623,
        "budget": 66000,
        "revenue": 3758846,
        "director": "Drew T. Pierce"
    },
    {
        "id": 24913,
        "imdb_id": "tt0090655",
        "original_language": "en",
        "original_title": "April Fool's Day",
        "popularity": 7.711,
        "release_date": "1986-03-27",
        "vote_average": 6.1,
        "vote_count": 334,
        "budget": 5000000,
        "revenue": 0,
        "director": "Fred Walton"
    },
    {
        "id": 4283,
        "imdb_id": "tt0772193",
        "original_language": "en",
        "original_title": "Primeval",
        "popularity": 14.509,
        "release_date": "2007-01-12",
        "vote_average": 6.053,
        "vote_count": 404,
        "budget": 0,
        "revenue": 15291277,
        "director": "Michael Katleman"
    },
    {
        "id": 819876,
        "imdb_id": "tt14549466",
        "original_language": "en",
        "original_title": "Crimes of the Future",
        "popularity": 12.742,
        "release_date": "2022-05-25",
        "vote_average": 6.0,
        "vote_count": 1098,
        "budget": 27000000,
        "revenue": 4551565,
        "director": "David Cronenberg"
    }
]