[
    {
        "id": 50698,
        "imdb_id": "tt1703199",
        "original_language": "en",
        "original_title": "Grave Encounters",
        "popularity": 28.85,
        "release_date": "2011-09-09",
        "vote_average": 6.3,
        "vote_count": 1480,
        "budget": 1000000,
        "revenue": 0,
        "director": "Stuart Ortiz"
    },
    {
        "id": 443791,
        "imdb_id": "tt5774060",
        "original_language": "en",
        "original_title": "Underwater",
        "popularity": 30.896,
        "release_date": "2020-01-08",
        "vote_average": 6.289,
        "vote_count": 3130,
        "budget": 50000000,
        "revenue": 40882928,
        "director": "William Eubank"
    },
    {
        "id": 86812,
        "imdb_id": "tt1748207",
        "original_language": "en",
        "original_title": "Sound of My Voice",
        "popularity": 10.948,
        "release_date": "2011-01-22",
        "vote_average": 6.3,
        "vote_count": 367,
        "budget": 0,
        "revenue": 405614,
        "director": "Zal Batmanglij"
    },
    {
        "id": 814889,
        "imdb_id": "tt14415204",
        "original_language": "en",
        "original_title": "Never Let Go",
        "popularity": 107.196,
        "release_date": "2024-09-18",
        "vote_average": 6.3,
        "vote_count": 310,
        "budget": 20000000,
        "revenue": 21768945,
        "director": "Alexandre Aja"
    },
    {
        "id": 25983,
        "imdb_id": "tt1172994",
        "original_language": "en",
        "original_title": "The House of the Devil",
        "popularity": 13.57,
        "release_date": "2009-10-30",
        "vote_average": 6.3,
        "vote_count": 750,
        "budget": 0,
        "revenue": 0,
        "director": "Ti West"
    },
    {
        "id": 505058,
        "imdb_id": "tt4761916",
        "original_language": "en",
        "original_title": "Unfriended: Dark Web",
        "popularity": 17.652,
        "release_date": "2018-07-19",
        "vote_average": 6.284,
        "vote_count": 1525,
        "budget": 1000000,
        "revenue": 16000000,
        "director": "Stephen Susco"
    },
    {
        "id": 22804,
        "imdb_id": "tt1233227",
        "original_language": "en",
        "original_title": "Saw VI",
        "popularity": 44.49,
        "release_date": "2009-10-22",
        "vote_average": 6.284,
        "vote_count": 3233,
        "budget": 11000000,
        "revenue": 68234154,
        "director": "Kevin Greutert"
    },
    {
        "id": 155084,
        "imdb_id": "tt2059171",
        "original_language": "en",
        "original_title": "13 Sins",
        "popularity": 30.914,
        "release_date": "2014-04-11",
        "vote_average": 6.3,
        "vote_count": 1097,
        "budget": 5000000,
        "revenue": 13809,
        "director": "Daniel Stamm"
    },
    {
        "id": 9373,
        "imdb_id": "tt0324216",
        "original_language": "en",
        "original_title": "The Texas Chainsaw Massacre",
        "popularity": 38.308,
        "release_date": "2003-05-21",
        "vote_average": 6.3,
        "vote_count": 2644,
        "budget": 9500000,
        "revenue": 107967319,
        "director": "Marcus Nispel"
    },
    {
        "id": 29427,
        "imdb_id": "tt0455407",
        "original_language": "en",
        "original_title": "The Crazies",
        "popularity": 26.795,
        "release_date": "2010-02-26",
        "vote_average": 6.279,
        "vote_count": 2048,
        "budget": 20000000,
        "revenue": 54956140,
        "director": "Breck Eisner"
    },
    {
        "id": 16288,
        "imdb_id": "tt0092796",
        "original_language": "en",
        "original_title": "Creepshow 2",
        "popularity": 17.858,
        "release_date": "1987-05-01",
        "vote_average": 6.279,
        "vote_count": 587,
        "budget": 3500000,
        "revenue": 14000000,
        "director": "Michael Gornick"
    },
    {
        "id": 631842,
        "imdb_id": "tt15679400",
        "original_language": "en",
        "original_title": "Knock at the Cabin",
        "popularity": 31.1,
        "release_date": "2023-02-01",
        "vote_average": 6.278,
        "vote_count": 2693,
        "budget": 20000000,
        "revenue": 54700000,
        "director": "M. Night Shyamalan"
    },
    {
        "id": 608195,
        "imdb_id": "tt6508228",
        "original_language": "en",
        "original_title": "Ghosts of War",
        "popularity": 12.777,
        "release_date": "2020-07-03",
        "vote_average": 6.3,
        "vote_count": 550,
        "budget": 0,
        "revenue": 345289,
        "director": "Eric Bress"
    },
    {
        "id": 601844,
        "imdb_id": "tt10314450",
        "original_language": "en",
        "original_title": "Becky",
        "popularity": 20.365,
        "release_date": "2020-07-23",
        "vote_average": 6.275,
        "vote_count": 581,
        "budget": 0,
        "revenue": 1045873,
        "director": "Cary Murnion"
    },
    {
        "id": 13515,
        "imdb_id": "tt0790686",
        "original_language": "en",
        "original_title": "Mirrors",
        "popularity": 28.124,
        "release_date": "2008-08-15",
        "vote_average": 6.3,
        "vote_count": 1846,
        "budget": 35000000,
        "revenue": 72400000,
        "director": "Alexandre Aja"
    },
    {
        "id": 8843,
        "imdb_id": "tt0209958",
        "original_language": "en",
        "original_title": "The Cell",
        "popularity": 33.705,
        "release_date": "2000-08-17",
        "vote_average": 6.3,
        "vote_count": 1535,
        "budget": 33000000,
        "revenue": 104155843,
        "director": "Tarsem Singh"
    },
    {
        "id": 354216,
        "imdb_id": "tt4935372",
        "original_language": "en",
        "original_title": "The Devil's Candy",
        "popularity": 9.174,
        "release_date": "2016-12-15",
        "vote_average": 6.3,
        "vote_count": 647,
        "budget": 0,
        "revenue": 772319,
        "director": "Sean Byrne"
    },
    {
        "id": 11954,
        "imdb_id": "tt0089489",
        "original_language": "en",
        "original_title": "Lifeforce",
        "popularity": 37.551,
        "release_date": "1985-06-21",
        "vote_average": 6.3,
        "vote_count": 623,
        "budget": 25000000,
        "revenue": 11603545,
        "director": "Tobe Hooper"
    },
    {
        "id": 280092,
        "imdb_id": "tt3195644",
        "original_language": "en",
        "original_title": "Insidious: Chapter 3",
        "popularity": 36.744,
        "release_date": "2015-05-28",
        "vote_average": 6.3,
        "vote_count": 3363,
        "budget": 10000000,
        "revenue": 120453155,
        "director": "Leigh Whannell"
    },
    {
        "id": 132232,
        "imdb_id": "tt2023587",
        "original_language": "en",
        "original_title": "Mama",
        "popularity": 44.163,
        "release_date": "2013-01-17",
        "vote_average": 6.3,
        "vote_count": 4149,
        "budget": 15000000,
        "revenue": 146428180,
        "director": "Andy Muschietti"
    },
    {
        "id": 446101,
        "imdb_id": "tt6205872",
        "original_language": "en",
        "original_title": "Assassination Nation",
        "popularity": 16.167,
        "release_date": "2018-09-21",
        "vote_average": 6.268,
        "vote_count": 835,
        "budget": 7000000,
        "revenue": 2900000,
        "director": "Sam Levinson"
    },
    {
        "id": 10307,
        "imdb_id": "tt0145531",
        "original_language": "en",
        "original_title": "Stigmata",
        "popularity": 21.21,
        "release_date": "1999-09-02",
        "vote_average": 6.3,
        "vote_count": 1103,
        "budget": 29000000,
        "revenue": 50041732,
        "director": "Rupert Wainwright"
    },
    {
        "id": 801071,
        "imdb_id": "tt12764628",
        "original_language": "en",
        "original_title": "The Jack in the Box: Awakening",
        "popularity": 14.74,
        "release_date": "2022-02-24",
        "vote_average": 6.26,
        "vote_count": 356,
        "budget": 0,
        "revenue": 1147001,
        "director": "Lawrence Fowler"
    },
    {
        "id": 10294,
        "imdb_id": "tt0452702",
        "original_language": "en",
        "original_title": "Vacancy",
        "popularity": 34.82,
        "release_date": "2007-04-20",
        "vote_average": 6.3,
        "vote_count": 1456,
        "budget": 19000000,
        "revenue": 35300645,
        "director": "Nimr\u00f3d Antal"
    },
    {
        "id": 10127,
        "imdb_id": "tt0094919",
        "original_language": "en",
        "original_title": "Critters 2",
        "popularity": 24.16,
        "release_date": "1988-04-29",
        "vote_average": 6.3,
        "vote_count": 456,
        "budget": 4500000,
        "revenue": 3813293,
        "director": "Mick Garris"
    },
    {
        "id": 428399,
        "imdb_id": "tt1034385",
        "original_language": "en",
        "original_title": "Cold Skin",
        "popularity": 24.551,
        "release_date": "2017-10-20",
        "vote_average": 6.3,
        "vote_count": 626,
        "budget": 9831962,
        "revenue": 0,
        "director": "Xavier Gens"
    },
    {
        "id": 11069,
        "imdb_id": "tt0114720",
        "original_language": "en",
        "original_title": "Tremors 2: Aftershocks",
        "popularity": 23.465,
        "release_date": "1996-04-09",
        "vote_average": 6.3,
        "vote_count": 947,
        "budget": 4000000,
        "revenue": 0,
        "director": "S.S. Wilson"
    },
    {
        "id": 24452,
        "imdb_id": "tt0054033",
        "original_language": "en",
        "original_title": "The Little Shop of Horrors",
        "popularity": 14.603,
        "release_date": "1960-08-05",
        "vote_average": 6.3,
        "vote_count": 409,
        "budget": 30000,
        "revenue": 0,
        "director": "Roger Corman"
    },
    {
        "id": 433808,
        "imdb_id": "tt5638642",
        "original_language": "en",
        "original_title": "The Ritual",
        "popularity": 50.672,
        "release_date": "2017-10-11",
        "vote_average": 6.3,
        "vote_count": 3018,
        "budget": 1000000,
        "revenue": 1786396,
        "director": "David Bruckner"
    },
    {
        "id": 345940,
        "imdb_id": "tt4779682",
        "original_language": "en",
        "original_title": "The Meg",
        "popularity": 68.366,
        "release_date": "2018-08-09",
        "vote_average": 6.252,
        "vote_count": 7681,
        "budget": 150000000,
        "revenue": 530517320,
        "director": "Jon Turteltaub"
    },
    {
        "id": 158015,
        "imdb_id": "tt2184339",
        "original_language": "en",
        "original_title": "The Purge",
        "popularity": 45.325,
        "release_date": "2013-05-31",
        "vote_average": 6.253,
        "vote_count": 8401,
        "budget": 3000000,
        "revenue": 91266581,
        "director": "James DeMonaco"
    },
    {
        "id": 814800,
        "imdb_id": "tt9000184",
        "original_language": "en",
        "original_title": "Goodnight Mommy",
        "popularity": 25.574,
        "release_date": "2022-09-16",
        "vote_average": 6.251,
        "vote_count": 466,
        "budget": 0,
        "revenue": 0,
        "director": "Matt Sobel"
    },
    {
        "id": 606625,
        "imdb_id": "tt8160834",
        "original_language": "en",
        "original_title": "Follow Me",
        "popularity": 18.331,
        "release_date": "2020-07-03",
        "vote_average": 6.2,
        "vote_count": 506,
        "budget": 0,
        "revenue": 3551439,
        "director": "Will Wernick"
    },
    {
        "id": 1041613,
        "imdb_id": "tt23137390",
        "original_language": "en",
        "original_title": "Immaculate",
        "popularity": 84.697,
        "release_date": "2024-03-20",
        "vote_average": 6.249,
        "vote_count": 1302,
        "budget": 9000000,
        "revenue": 35340015,
        "director": "Michael Mohan"
    },
    {
        "id": 24124,
        "imdb_id": "tt0082118",
        "original_language": "en",
        "original_title": "The Burning",
        "popularity": 20.077,
        "release_date": "1981-05-08",
        "vote_average": 6.249,
        "vote_count": 401,
        "budget": 1500000,
        "revenue": 0,
        "director": "Tony Maylam"
    },
    {
        "id": 406563,
        "imdb_id": "tt5726086",
        "original_language": "en",
        "original_title": "Insidious: The Last Key",
        "popularity": 32.099,
        "release_date": "2018-01-03",
        "vote_average": 6.2,
        "vote_count": 2911,
        "budget": 10000000,
        "revenue": 172811971,
        "director": "Adam Robitel"
    },
    {
        "id": 9378,
        "imdb_id": "tt0245674",
        "original_language": "en",
        "original_title": "Thir13en Ghosts",
        "popularity": 29.629,
        "release_date": "2001-10-26",
        "vote_average": 6.246,
        "vote_count": 2124,
        "budget": 42000000,
        "revenue": 68467960,
        "director": "Steve Beck"
    },
    {
        "id": 467660,
        "imdb_id": "tt7153766",
        "original_language": "en",
        "original_title": "Unsane",
        "popularity": 22.579,
        "release_date": "2018-03-22",
        "vote_average": 6.2,
        "vote_count": 1514,
        "budget": 1500000,
        "revenue": 14293601,
        "director": "Steven Soderbergh"
    },
    {
        "id": 63197,
        "imdb_id": "tt1087461",
        "original_language": "en",
        "original_title": "Megan Is Missing",
        "popularity": 34.105,
        "release_date": "2011-05-01",
        "vote_average": 6.2,
        "vote_count": 696,
        "budget": 0,
        "revenue": 0,
        "director": "Michael Goi"
    },
    {
        "id": 11342,
        "imdb_id": "tt0098622",
        "original_language": "en",
        "original_title": "Warlock",
        "popularity": 14.825,
        "release_date": "1989-06-01",
        "vote_average": 6.244,
        "vote_count": 394,
        "budget": 7000000,
        "revenue": 9094451,
        "director": "Steve Miner"
    },
    {
        "id": 9358,
        "imdb_id": "tt0309593",
        "original_language": "en",
        "original_title": "Final Destination 2",
        "popularity": 39.709,
        "release_date": "2003-01-31",
        "vote_average": 6.244,
        "vote_count": 4083,
        "budget": 26000000,
        "revenue": 90941129,
        "director": "David R. Ellis"
    },
    {
        "id": 5072,
        "imdb_id": "tt0464196",
        "original_language": "en",
        "original_title": "Severance",
        "popularity": 19.27,
        "release_date": "2006-05-19",
        "vote_average": 6.244,
        "vote_count": 582,
        "budget": 0,
        "revenue": 5515163,
        "director": "Christopher Smith"
    },
    {
        "id": 1248,
        "imdb_id": "tt0367959",
        "original_language": "en",
        "original_title": "Hannibal Rising",
        "popularity": 5.586,
        "release_date": "2007-02-06",
        "vote_average": 6.2,
        "vote_count": 2226,
        "budget": 75000000,
        "revenue": 82169884,
        "director": "Peter Webber"
    },
    {
        "id": 244458,
        "imdb_id": "tt1567437",
        "original_language": "en",
        "original_title": "The Voices",
        "popularity": 13.527,
        "release_date": "2014-01-19",
        "vote_average": 6.2,
        "vote_count": 1771,
        "budget": 0,
        "revenue": 0,
        "director": "Marjane Satrapi"
    },
    {
        "id": 184346,
        "imdb_id": "tt2377322",
        "original_language": "en",
        "original_title": "Deliver Us from Evil",
        "popularity": 35.313,
        "release_date": "2014-07-01",
        "vote_average": 6.243,
        "vote_count": 2053,
        "budget": 30000000,
        "revenue": 87937815,
        "director": "Scott Derrickson"
    },
    {
        "id": 11587,
        "imdb_id": "tt0099528",
        "original_language": "en",
        "original_title": "The Exorcist III",
        "popularity": 19.078,
        "release_date": "1990-08-17",
        "vote_average": 6.2,
        "vote_count": 770,
        "budget": 9300000,
        "revenue": 39024251,
        "director": "William Peter Blatty"
    },
    {
        "id": 14353,
        "imdb_id": "tt0963194",
        "original_language": "en",
        "original_title": "Repo! The Genetic Opera",
        "popularity": 10.774,
        "release_date": "2008-11-07",
        "vote_average": 6.2,
        "vote_count": 335,
        "budget": 8500000,
        "revenue": 188126,
        "director": "Darren Lynn Bousman"
    },
    {
        "id": 599975,
        "imdb_id": "tt10039344",
        "original_language": "en",
        "original_title": "Countdown",
        "popularity": 33.851,
        "release_date": "2019-10-24",
        "vote_average": 6.24,
        "vote_count": 2129,
        "budget": 6500000,
        "revenue": 48021766,
        "director": "Justin Dec"
    },
    {
        "id": 296065,
        "imdb_id": "tt2965466",
        "original_language": "en",
        "original_title": "Last Shift",
        "popularity": 13.312,
        "release_date": "2014-10-25",
        "vote_average": 6.2,
        "vote_count": 599,
        "budget": 0,
        "revenue": 0,
        "director": "Anthony DiBlasi"
    },
    {
        "id": 24924,
        "imdb_id": "tt0093624",
        "original_language": "en",
        "original_title": "Night of the Demons",
        "popularity": 12.592,
        "release_date": "1988-10-14",
        "vote_average": 6.239,
        "vote_count": 343,
        "budget": 1200000,
        "revenue": 3109904,
        "director": "Kevin Tenney"
    },
    {
        "id": 409297,
        "imdb_id": "tt4805316",
        "original_language": "en",
        "original_title": "A Dark Song",
        "popularity": 10.421,
        "release_date": "2016-07-08",
        "vote_average": 6.236,
        "vote_count": 471,
        "budget": 0,
        "revenue": 0,
        "director": "Liam Gavin"
    },
    {
        "id": 513268,
        "imdb_id": "tt8179024",
        "original_language": "en",
        "original_title": "Body Cam",
        "popularity": 20.917,
        "release_date": "2020-05-19",
        "vote_average": 6.235,
        "vote_count": 353,
        "budget": 0,
        "revenue": 0,
        "director": "Malik Vitthal"
    },
    {
        "id": 516329,
        "imdb_id": "tt7740510",
        "original_language": "en",
        "original_title": "Antlers",
        "popularity": 40.007,
        "release_date": "2021-10-28",
        "vote_average": 6.234,
        "vote_count": 1104,
        "budget": 17000000,
        "revenue": 18867659,
        "director": "Scott Cooper"
    },
    {
        "id": 627290,
        "imdb_id": "tt10065694",
        "original_language": "en",
        "original_title": "Antebellum",
        "popularity": 16.007,
        "release_date": "2020-09-02",
        "vote_average": 6.2,
        "vote_count": 917,
        "budget": 15000000,
        "revenue": 7060384,
        "director": "Gerard Bush"
    },
    {
        "id": 375355,
        "imdb_id": "tt3610746",
        "original_language": "en",
        "original_title": "Don't Hang Up",
        "popularity": 13.463,
        "release_date": "2016-10-22",
        "vote_average": 6.2,
        "vote_count": 532,
        "budget": 0,
        "revenue": 0,
        "director": "Alexis Wajsbrot"
    },
    {
        "id": 10225,
        "imdb_id": "tt0091080",
        "original_language": "en",
        "original_title": "Friday the 13th Part VI: Jason Lives",
        "popularity": 36.834,
        "release_date": "1986-08-01",
        "vote_average": 6.2,
        "vote_count": 1188,
        "budget": 3000000,
        "revenue": 19472525,
        "director": "Tom McLoughlin"
    },
    {
        "id": 510388,
        "imdb_id": "tt6378710",
        "original_language": "en",
        "original_title": "Villains",
        "popularity": 14.989,
        "release_date": "2019-09-20",
        "vote_average": 6.23,
        "vote_count": 405,
        "budget": 0,
        "revenue": 0,
        "director": "Robert Olsen"
    },
    {
        "id": 503736,
        "imdb_id": "tt0993840",
        "original_language": "en",
        "original_title": "Army of the Dead",
        "popularity": 34.161,
        "release_date": "2021-05-14",
        "vote_average": 6.23,
        "vote_count": 4029,
        "budget": 90000000,
        "revenue": 190700000,
        "director": "Zack Snyder"
    },
    {
        "id": 457041,
        "imdb_id": "tt6852872",
        "original_language": "en",
        "original_title": "Elizabeth Harvest",
        "popularity": 14.003,
        "release_date": "2018-08-10",
        "vote_average": 6.229,
        "vote_count": 341,
        "budget": 0,
        "revenue": 4973,
        "director": "Sebastian Gutierrez"
    },
    {
        "id": 126277,
        "imdb_id": "tt1959332",
        "original_language": "en",
        "original_title": "American Mary",
        "popularity": 17.813,
        "release_date": "2013-01-11",
        "vote_average": 6.2,
        "vote_count": 525,
        "budget": 0,
        "revenue": 0,
        "director": "Jen Soska"
    },
    {
        "id": 13190,
        "imdb_id": "tt1267379",
        "original_language": "en",
        "original_title": "Dead Space: Downfall",
        "popularity": 11.728,
        "release_date": "2008-10-27",
        "vote_average": 6.228,
        "vote_count": 345,
        "budget": 0,
        "revenue": 0,
        "director": "Chuck Patton"
    },
    {
        "id": 13934,
        "imdb_id": "tt0901686",
        "original_language": "en",
        "original_title": "Mater and the Ghostlight",
        "popularity": 14.134,
        "release_date": "2006-07-27",
        "vote_average": 6.2,
        "vote_count": 445,
        "budget": 0,
        "revenue": 0,
        "director": "John Lasseter"
    },
    {
        "id": 9885,
        "imdb_id": "tt0416315",
        "original_language": "en",
        "original_title": "Wolf Creek",
        "popularity": 28.117,
        "release_date": "2005-09-16",
        "vote_average": 6.225,
        "vote_count": 1166,
        "budget": 1000000,
        "revenue": 30894796,
        "director": "Greg McLean"
    },
    {
        "id": 58151,
        "imdb_id": "tt1438176",
        "original_language": "en",
        "original_title": "Fright Night",
        "popularity": 19.242,
        "release_date": "2011-08-18",
        "vote_average": 6.223,
        "vote_count": 1937,
        "budget": 30000000,
        "revenue": 41002607,
        "director": "Craig Gillespie"
    },
    {
        "id": 52015,
        "imdb_id": "tt1464580",
        "original_language": "en",
        "original_title": "Stake Land",
        "popularity": 15.086,
        "release_date": "2010-09-30",
        "vote_average": 6.224,
        "vote_count": 793,
        "budget": 650000,
        "revenue": 33245,
        "director": "Jim Mickle"
    },
    {
        "id": 15158,
        "imdb_id": "tt0095863",
        "original_language": "en",
        "original_title": "Phantasm II",
        "popularity": 13.461,
        "release_date": "1988-07-08",
        "vote_average": 6.224,
        "vote_count": 352,
        "budget": 3000000,
        "revenue": 7282851,
        "director": "Don Coscarelli"
    },
    {
        "id": 60935,
        "imdb_id": "tt0905372",
        "original_language": "en",
        "original_title": "The Thing",
        "popularity": 28.331,
        "release_date": "2011-10-12",
        "vote_average": 6.223,
        "vote_count": 2916,
        "budget": 35000000,
        "revenue": 31505287,
        "director": "Matthijs van Heijningen Jr."
    },
    {
        "id": 10657,
        "imdb_id": "tt0107665",
        "original_language": "en",
        "original_title": "Needful Things",
        "popularity": 13.317,
        "release_date": "1993-08-27",
        "vote_average": 6.223,
        "vote_count": 546,
        "budget": 0,
        "revenue": 15185672,
        "director": "Fraser Clarke Heston"
    },
    {
        "id": 298250,
        "imdb_id": "tt3348730",
        "original_language": "en",
        "original_title": "Jigsaw",
        "popularity": 33.331,
        "release_date": "2017-10-25",
        "vote_average": 6.2,
        "vote_count": 3689,
        "budget": 10000000,
        "revenue": 102952888,
        "director": "Michael Spierig"
    },
    {
        "id": 8851,
        "imdb_id": "tt0051418",
        "original_language": "en",
        "original_title": "The Blob",
        "popularity": 21.464,
        "release_date": "1958-09-10",
        "vote_average": 6.2,
        "vote_count": 605,
        "budget": 110000,
        "revenue": 4000000,
        "director": "Irvin S. Yeaworth Jr."
    },
    {
        "id": 467,
        "imdb_id": "tt0242527",
        "original_language": "en",
        "original_title": "The Hole",
        "popularity": 15.134,
        "release_date": "2001-04-20",
        "vote_average": 6.22,
        "vote_count": 821,
        "budget": 4158370,
        "revenue": 7819851,
        "director": "Nick Hamm"
    },
    {
        "id": 2082,
        "imdb_id": "tt0373883",
        "original_language": "en",
        "original_title": "Halloween",
        "popularity": 38.069,
        "release_date": "2007-08-31",
        "vote_average": 6.2,
        "vote_count": 2367,
        "budget": 15000000,
        "revenue": 80460948,
        "director": "Rob Zombie"
    },
    {
        "id": 371560,
        "imdb_id": "tt5225338",
        "original_language": "en",
        "original_title": "The Eyes of My Mother",
        "popularity": 9.745,
        "release_date": "2016-12-02",
        "vote_average": 6.216,
        "vote_count": 315,
        "budget": 300000,
        "revenue": 48539,
        "director": "Nicolas Pesce"
    },
    {
        "id": 13474,
        "imdb_id": "tt0804516",
        "original_language": "en",
        "original_title": "P2",
        "popularity": 21.615,
        "release_date": "2007-11-09",
        "vote_average": 6.216,
        "vote_count": 840,
        "budget": 3500000,
        "revenue": 7766240,
        "director": "Franck Khalfoun"
    },
    {
        "id": 369300,
        "imdb_id": "tt4733640",
        "original_language": "en",
        "original_title": "The Limehouse Golem",
        "popularity": 16.765,
        "release_date": "2016-10-18",
        "vote_average": 6.215,
        "vote_count": 640,
        "budget": 0,
        "revenue": 2225698,
        "director": "Juan Carlos Medina"
    },
    {
        "id": 338676,
        "imdb_id": "tt3467412",
        "original_language": "en",
        "original_title": "Extinction",
        "popularity": 19.476,
        "release_date": "2015-08-07",
        "vote_average": 6.217,
        "vote_count": 670,
        "budget": 7000000,
        "revenue": 2350695,
        "director": "Miguel \u00c1ngel Vivas"
    },
    {
        "id": 9102,
        "imdb_id": "tt0114367",
        "original_language": "en",
        "original_title": "Screamers",
        "popularity": 12.474,
        "release_date": "1995-09-08",
        "vote_average": 6.2,
        "vote_count": 534,
        "budget": 20000000,
        "revenue": 5781885,
        "director": "Christian Duguay"
    },
    {
        "id": 159117,
        "imdb_id": "tt2450186",
        "original_language": "en",
        "original_title": "V/H/S/2",
        "popularity": 13.638,
        "release_date": "2013-06-06",
        "vote_average": 6.212,
        "vote_count": 1059,
        "budget": 0,
        "revenue": 21833,
        "director": "Simon Barrett"
    },
    {
        "id": 18462,
        "imdb_id": "tt0087799",
        "original_language": "en",
        "original_title": "Night of the Comet",
        "popularity": 12.905,
        "release_date": "1984-11-16",
        "vote_average": 6.2,
        "vote_count": 379,
        "budget": 3000000,
        "revenue": 14418922,
        "director": "Thom Eberhardt"
    },
    {
        "id": 84194,
        "imdb_id": "tt1984153",
        "original_language": "en",
        "original_title": "Excision",
        "popularity": 13.981,
        "release_date": "2012-09-12",
        "vote_average": 6.2,
        "vote_count": 552,
        "budget": 0,
        "revenue": 0,
        "director": "Richard Bates Jr."
    },
    {
        "id": 763149,
        "imdb_id": "tt10691162",
        "original_language": "en",
        "original_title": "Aftermath",
        "popularity": 16.81,
        "release_date": "2021-08-04",
        "vote_average": 6.2,
        "vote_count": 615,
        "budget": 0,
        "revenue": 0,
        "director": "Peter Winther"
    },
    {
        "id": 520023,
        "imdb_id": "tt8110652",
        "original_language": "en",
        "original_title": "Bodies Bodies Bodies",
        "popularity": 20.203,
        "release_date": "2022-08-05",
        "vote_average": 6.203,
        "vote_count": 1191,
        "budget": 3000000,
        "revenue": 13900000,
        "director": "Halina Reijn"
    },
    {
        "id": 287903,
        "imdb_id": "tt3850590",
        "original_language": "en",
        "original_title": "Krampus",
        "popularity": 46.042,
        "release_date": "2015-11-26",
        "vote_average": 6.203,
        "vote_count": 2217,
        "budget": 15000000,
        "revenue": 61800000,
        "director": "Michael Dougherty"
    },
    {
        "id": 74725,
        "imdb_id": "tt1788391",
        "original_language": "en",
        "original_title": "Kill List",
        "popularity": 15.274,
        "release_date": "2011-09-02",
        "vote_average": 6.2,
        "vote_count": 776,
        "budget": 500000,
        "revenue": 450275,
        "director": "Ben Wheatley"
    },
    {
        "id": 680593,
        "imdb_id": "tt10229558",
        "original_language": "en",
        "original_title": "The Dark and the Wicked",
        "popularity": 13.371,
        "release_date": "2020-04-16",
        "vote_average": 6.2,
        "vote_count": 453,
        "budget": 0,
        "revenue": 736153,
        "director": "Bryan Bertino"
    },
    {
        "id": 27374,
        "imdb_id": "tt0816556",
        "original_language": "en",
        "original_title": "Lake Mungo",
        "popularity": 15.99,
        "release_date": "2009-07-30",
        "vote_average": 6.197,
        "vote_count": 555,
        "budget": 2000000,
        "revenue": 0,
        "director": "Joel Anderson"
    },
    {
        "id": 339994,
        "imdb_id": "tt2262315",
        "original_language": "en",
        "original_title": "The Good Neighbor",
        "popularity": 17.143,
        "release_date": "2016-09-16",
        "vote_average": 6.195,
        "vote_count": 444,
        "budget": 0,
        "revenue": 90573,
        "director": "Kasra Farahani"
    },
    {
        "id": 460885,
        "imdb_id": "tt6998518",
        "original_language": "en",
        "original_title": "Mandy",
        "popularity": 23.469,
        "release_date": "2018-09-13",
        "vote_average": 6.193,
        "vote_count": 1919,
        "budget": 6000000,
        "revenue": 1653784,
        "director": "Panos Cosmatos"
    },
    {
        "id": 338947,
        "imdb_id": "tt0887261",
        "original_language": "en",
        "original_title": "Hellraiser",
        "popularity": 34.263,
        "release_date": "2022-09-28",
        "vote_average": 6.195,
        "vote_count": 837,
        "budget": 14000000,
        "revenue": 0,
        "director": "David Bruckner"
    },
    {
        "id": 279690,
        "imdb_id": "tt2386404",
        "original_language": "en",
        "original_title": "He Never Died",
        "popularity": 14.085,
        "release_date": "2015-12-18",
        "vote_average": 6.191,
        "vote_count": 478,
        "budget": 0,
        "revenue": 0,
        "director": "Jason Krawczyk"
    },
    {
        "id": 9725,
        "imdb_id": "tt0082418",
        "original_language": "en",
        "original_title": "Friday the 13th Part 2",
        "popularity": 36.874,
        "release_date": "1981-05-01",
        "vote_average": 6.2,
        "vote_count": 1688,
        "budget": 1250000,
        "revenue": 21722776,
        "director": "Steve Miner"
    },
    {
        "id": 2637,
        "imdb_id": "tt0265349",
        "original_language": "en",
        "original_title": "The Mothman Prophecies",
        "popularity": 16.754,
        "release_date": "2002-01-25",
        "vote_average": 6.191,
        "vote_count": 1122,
        "budget": 32000000,
        "revenue": 55305279,
        "director": "Mark Pellington"
    },
    {
        "id": 2662,
        "imdb_id": "tt0251736",
        "original_language": "en",
        "original_title": "House of 1000 Corpses",
        "popularity": 18.362,
        "release_date": "2003-04-11",
        "vote_average": 6.2,
        "vote_count": 1605,
        "budget": 7000000,
        "revenue": 17949758,
        "director": "Rob Zombie"
    },
    {
        "id": 11683,
        "imdb_id": "tt0418819",
        "original_language": "en",
        "original_title": "Land of the Dead",
        "popularity": 34.908,
        "release_date": "2005-06-18",
        "vote_average": 6.183,
        "vote_count": 1586,
        "budget": 15000000,
        "revenue": 47074133,
        "director": "George A. Romero"
    },
    {
        "id": 8090,
        "imdb_id": "tt0880578",
        "original_language": "en",
        "original_title": "Untraceable",
        "popularity": 15.892,
        "release_date": "2008-01-22",
        "vote_average": 6.183,
        "vote_count": 891,
        "budget": 35000000,
        "revenue": 52659594,
        "director": "Gregory Hoblit"
    },
    {
        "id": 11357,
        "imdb_id": "tt0095271",
        "original_language": "en",
        "original_title": "Halloween 4: The Return of Michael Myers",
        "popularity": 18.801,
        "release_date": "1988-10-21",
        "vote_average": 6.2,
        "vote_count": 1915,
        "budget": 5000000,
        "revenue": 17768757,
        "director": "Dwight H. Little"
    },
    {
        "id": 9457,
        "imdb_id": "tt0118956",
        "original_language": "en",
        "original_title": "Deep Rising",
        "popularity": 20.543,
        "release_date": "1998-01-30",
        "vote_average": 6.179,
        "vote_count": 711,
        "budget": 45000000,
        "revenue": 11203026,
        "director": "Stephen Sommers"
    },
    {
        "id": 20701,
        "imdb_id": "tt0100740",
        "original_language": "en",
        "original_title": "Tales from the Darkside: The Movie",
        "popularity": 12.635,
        "release_date": "1990-05-03",
        "vote_average": 6.2,
        "vote_count": 377,
        "budget": 3500000,
        "revenue": 16324573,
        "director": "John Harrison"
    },
    {
        "id": 27274,
        "imdb_id": "tt0099611",
        "original_language": "en",
        "original_title": "Frankenhooker",
        "popularity": 15.802,
        "release_date": "1990-06-01",
        "vote_average": 6.2,
        "vote_count": 311,
        "budget": 2500000,
        "revenue": 205068,
        "director": "Frank Henenlotter"
    },
    {
        "id": 6552,
        "imdb_id": "tt0138510",
        "original_language": "en",
        "original_title": "Idle Hands",
        "popularity": 17.886,
        "release_date": "1999-04-30",
        "vote_average": 6.2,
        "vote_count": 667,
        "budget": 25000000,
        "revenue": 4152230,
        "director": "Rodman Flender"
    }
]